Ticker,Date,Accrued Comprehensive Inc,Cash and Short Term Investments,Cost of Goods Sold,Current Debt & Capital Lease Obligation,Current Deferred Liabilities,EPS Basic,EPS Diluted,Goodwill and Intangibles,Gross PP&E,Gross Profit,Income (Quarterly),Inventories,Net Income,Net Non-Operating Interest Income Expense,Net Operating Interest Income,Net PP&E,Non-Current Deferred Liabilities,Non-Current Portion of LTD and Capital Lease Obligation,Operating Income,Payables and Accrued Expenses,Pre-Tax Income,Provision for Income Taxes,Revenue,SG&A Expense,Shareholders Equity,Total Assets,Total Capital Stock,Total Current Assets,Total Current Liabilities,Total Liabilities,Total Long Term Assets,Total Long Term Liabilities,Total Operating Expenses,Total Payables,Total Receivables
AAL,2021-03,-7.036B,14.04B,6.164B,4.039B,7.921B,-1.97,-1.97,6.11B,55.72B,-2.156B,2021-03,1.658B,-1.25B,-367.00M,-367.00M,38.90B,7.055B,43.98B,-3.023B,5.373B,-1.573B,-323.00M,4.008B,151.00M,-7.945B,68.65B,6.00M,18.09B,17.33B,76.59B,50.56B,59.26B,867.00M,1.624B,971.00M
AAL,2020-12,-7.103B,6.864B,5.883B,4.448B,6.79B,-3.81,-3.81,6.12B,56.50B,-1.855B,2020-12,1.614B,-2.178B,-371.00M,-371.00M,39.74B,7.162B,36.57B,-2.533B,5.331B,-2.809B,-631.00M,4.028B,95.00M,-6.867B,62.01B,6.00M,11.10B,16.57B,68.88B,50.91B,52.31B,678.00M,1.196B,1.342B
AAL,2020-09,-6.476B,8.284B,5.61B,4.446B,6.954B,-4.71,-4.71,6.13B,56.90B,-2.437B,2020-09,1.633B,-2.399B,-335.00M,-335.00M,40.24B,7.043B,36.76B,-3.166B,5.184B,-3.095B,-696.00M,3.173B,70.00M,-5.528B,62.77B,5.00M,12.34B,16.58B,68.30B,50.43B,51.72B,729.00M,1.077B,1.135B
AAL,2020-06,-6.463B,9.813B,4.946B,4.379B,7.473B,-4.82,-4.82,6.14B,58.17B,-3.324B,2020-06,1.653B,-2.067B,-244.00M,-244.00M,41.67B,6.608B,35.67B,-3.912B,6.148B,-2.659B,-592.00M,1.622B,43.00M,-3.169B,64.54B,5.00M,13.79B,18.00B,67.71B,50.76B,49.71B,588.00M,1.175B,879.00M
AAL,2020-03,-6.48B,3.576B,8.277B,5.27B,8.567B,-5.26,-5.26,6.15B,59.27B,238.00M,2020-03,1.772B,-2.241B,-236.00M,-236.00M,42.82B,5.757B,28.80B,-1.65B,5.376B,-2.89B,-649.00M,8.515B,385.00M,-2.636B,58.58B,4.00M,7.175B,19.21B,61.22B,51.40B,42.00B,1.888B,1.648B,1.02B
AAL,2019-12,-6.331B,3.826B,8.80B,4.569B,8.001B,0.95,0.95,6.175B,62.39B,2.513B,2019-12,1.851B,414.00M,-241.00M,-241.00M,43.73B,5.422B,28.88B,896.00M,5.741B,571.00M,157.00M,11.31B,408.00M,-118.00M,60.00B,4.00M,8.206B,18.31B,60.11B,51.79B,41.80B,1.617B,2.062B,1.75B
AAL,2019-09,-5.946B,5.168B,9.115B,5.28B,8.766B,0.96,0.96,6.186B,61.96B,2.796B,2019-09,1.80B,425.00M,-250.00M,-250.00M,43.46B,5.325B,29.16B,1.035B,5.514B,557.00M,132.00M,11.91B,424.00M,160.00M,61.18B,4.00M,9.572B,19.56B,61.02B,51.60B,41.46B,1.761B,1.932B,1.85B
AAL,2019-06,-5.927B,5.407B,9.039B,5.139B,9.266B,1.49,1.49,6.196B,61.92B,2.921B,2019-06,1.708B,662.00M,-240.00M,-240.00M,43.80B,5.249B,29.61B,1.249B,5.718B,882.00M,220.00M,11.96B,401.00M,-22.00M,61.97B,5.00M,9.85B,20.12B,61.99B,52.12B,41.87B,1.672B,2.118B,1.943B
AAL,2019-03,-5.909B,4.349B,8.45B,4.999B,9.284B,0.41,0.41,6.206B,61.28B,2.134B,2019-03,1.666B,185.00M,-238.00M,-238.00M,43.53B,5.214B,28.44B,495.00M,5.566B,245.00M,60.00M,10.58B,370.00M,-636.00M,60.79B,5.00M,8.654B,19.85B,61.42B,52.13B,41.57B,1.639B,2.139B,1.876B
AAL,2018-12,-5.896B,4.76B,8.557B,4.948B,7.606B,0.71,0.7,6.228B,60.69B,2.381B,2018-12,1.522B,324.00M,-234.00M,-234.00M,43.25B,5.272B,29.08B,791.00M,5.542B,395.00M,71.00M,10.94B,384.00M,-169.00M,60.58B,5.00M,8.637B,18.10B,60.75B,51.94B,42.65B,1.59B,1.773B,1.706B
AAL,2018-09,-5.203B,4.855B,9.012B,2.493B,8.282B,0.81,0.81,6.238B,51.50B,2.547B,2018-09,1.576B,372.00M,-233.00M,-233.00M,34.22B,5.317B,22.27B,891.00M,5.573B,496.00M,124.00M,11.56B,395.00M,-568.00M,52.64B,5.00M,9.498B,16.35B,53.20B,43.14B,36.86B,1.656B,1.886B,2.17B
AAL,2018-06,-5.187B,4.674B,8.759B,2.213B,8.703B,1.2,1.2,6.248B,51.15B,2.884B,2018-06,1.522B,556.00M,-233.00M,-233.00M,34.42B,5.484B,21.86B,1.151B,5.753B,756.00M,200.00M,11.64B,385.00M,-869.00M,52.62B,5.00M,9.176B,16.67B,53.49B,43.45B,36.82B,1.733B,2.053B,1.941B
AAL,2018-03,-5.172B,5.291B,8.163B,2.793B,8.725B,0.34,0.34,6.284B,50.49B,2.238B,2018-03,1.455B,159.00M,-237.00M,-237.00M,34.33B,5.61B,21.95B,607.00M,5.49B,238.00M,79.00M,10.40B,356.00M,-1.018B,53.28B,5.00M,9.673B,17.01B,54.30B,43.61B,37.29B,1.631B,1.953B,1.809B
AAL,2017-12,-5.154B,5.066B,8.051B,2.554B,7.163B,0.54,0.54,6.294B,49.80B,2.56B,2017-12,1.359B,-583.00M,-242.00M,-242.00M,34.16B,5.701B,22.51B,798.00M,5.641B,408.00M,991.00M,10.61B,383.00M,-780.00M,52.78B,5.00M,9.146B,15.36B,53.56B,43.64B,38.21B,1.762B,1.688B,1.752B
AAL,2017-09,-5.127B,5.768B,7.949B,2.467B,7.546B,1.36,1.36,6.305B,48.73B,3.016B,2017-09,1.315B,661.00M,-241.00M,-241.00M,33.31B,494.00M,22.22B,1.368B,5.294B,1.063B,402.00M,10.96B,400.00M,3.948B,52.40B,5.00M,10.00B,15.31B,48.45B,42.40B,33.15B,1.648B,1.638B,1.70B
AAL,2017-06,-5.112B,6.886B,7.826B,2.334B,8.236B,1.76,1.75,6.315B,48.12B,3.401B,2017-06,1.206B,864.00M,-239.00M,-239.00M,32.99B,554.00M,22.52B,1.753B,5.542B,1.389B,525.00M,11.23B,376.00M,3.715B,53.34B,5.00M,11.02B,16.11B,49.62B,42.32B,33.51B,1.648B,1.924B,1.543B
AAL,2017-03,-5.097B,6.676B,7.466B,1.714B,8.354B,0.67,0.67,6.327B,46.93B,2.354B,2017-03,1.154B,340.00M,-236.00M,-236.00M,32.29B,590.00M,22.83B,863.00M,5.218B,535.00M,195.00M,9.82B,318.00M,3.457B,52.63B,5.00M,10.63B,15.29B,49.17B,42.00B,33.88B,1.491B,1.882B,1.397B
AAL,2016-12,-5.083B,6.359B,7.368B,1.855B,6.701B,0.56,0.56,6.264B,45.35B,2.383B,2016-12,1.094B,197.00M,-235.00M,-235.00M,31.16B,0,22.49B,807.00M,5.316B,353.00M,156.00M,9.751B,333.00M,3.785B,51.27B,5.00M,10.32B,13.87B,47.49B,40.95B,33.62B,1.576B,1.592B,1.594B
AAL,2016-09,-4.778B,6.755B,7.345B,1.798B,7.463B,1.4,1.4,6.28B,44.32B,3.249B,2016-09,1.10B,737.00M,-234.00M,-234.00M,30.30B,0,21.54B,1.695B,5.272B,1.189B,452.00M,10.59B,347.00M,4.391B,51.11B,5.00M,11.05B,14.53B,46.72B,40.06B,32.18B,1.554B,1.673B,1.703B
AAL,2016-06,-4.763B,7.118B,7.089B,1.715B,7.495B,1.69,1.68,6.304B,43.42B,3.274B,2016-06,999.00M,950.00M,-233.00M,-233.00M,29.61B,0,21.13B,1.807B,5.707B,1.493B,543.00M,10.36B,334.00M,4.312B,51.05B,5.00M,11.18B,14.92B,46.74B,39.87B,31.82B,1.467B,1.944B,1.593B
AAL,2016-03,-4.749B,6.93B,6.615B,2.61B,7.227B,1.15,1.14,6.327B,42.03B,2.82B,2016-03,886.00M,700.00M,-226.00M,-226.00M,28.63B,625.00M,19.13B,1.434B,5.44B,1.117B,417.00M,9.435B,308.00M,4.71B,49.91B,6.00M,10.80B,15.28B,45.20B,39.11B,29.92B,1.386B,1.913B,1.45B
AAL,2015-12,-4.732B,6.254B,6.682B,2.231B,6.272B,5.24,5.09,6.34B,40.65B,2.948B,2015-12,863.00M,3.281B,-219.00M,-219.00M,27.51B,667.00M,18.33B,1.441B,5.102B,245.00M,-3.036B,9.63B,343.00M,5.635B,48.42B,6.00M,9.985B,13.60B,42.78B,38.43B,29.18B,1.507B,1.563B,1.425B
AAL,2015-09,-4.651B,8.873B,7.047B,1.712B,4.811B,2.56,2.49,6.352B,39.21B,3.659B,2015-09,1.01B,1.693B,-209.00M,-209.00M,26.29B,709.00M,18.85B,2.162B,4.989B,1.709B,16.00M,10.71B,366.00M,3.762B,48.72B,6.00M,13.71B,14.16B,44.95B,35.01B,30.79B,1.497B,1.525B,1.828B
AAL,2015-06,-4.62B,8.919B,7.304B,1.642B,5.664B,2.47,2.41,6.365B,38.08B,3.523B,2015-06,1.069B,1.704B,-213.00M,-213.00M,25.29B,746.00M,17.15B,2.065B,4.994B,1.719B,15.00M,10.83B,350.00M,3.636B,47.87B,7.00M,14.11B,15.04B,44.23B,33.76B,29.19B,1.458B,1.683B,1.892B
AAL,2015-03,-4.59B,9.173B,6.934B,1.284B,5.415B,1.34,1.3,6.372B,36.55B,2.893B,2015-03,995.00M,932.00M,-200.00M,-200.00M,24.04B,788.00M,17.64B,1.519B,4.758B,943.00M,11.00M,9.827B,336.00M,2.764B,46.75B,7.00M,14.13B,14.23B,43.99B,32.62B,29.76B,1.374B,1.587B,1.826B
AAL,2014-12,-4.559B,7.303B,7.509B,1.677B,7.059B,0.84,0.82,6.331B,35.34B,2.651B,2014-12,1.004B,597.00M,-211.00M,-211.00M,23.08B,829.00M,16.04B,1.325B,4.668B,567.00M,-30.00M,10.16B,348.00M,2.021B,43.22B,7.00M,11.75B,13.40B,41.20B,31.48B,27.80B,1.326B,1.377B,1.771B
AAL,2014-09,-1.893B,7.899B,8.234B,1.439B,4.952B,1.31,1.28,6.394B,34.20B,2.905B,2014-09,1.182B,942.00M,-203.00M,-203.00M,22.16B,871.00M,15.65B,1.481B,4.626B,949.00M,7.00M,11.14B,393.00M,4.971B,44.17B,7.00M,13.45B,13.89B,39.20B,30.72B,25.31B,1.424B,1.498B,1.961B
AAL,2014-06,-1.846B,9.459B,8.236B,1.523B,5.683B,1.2,1.17,6.419B,32.87B,3.119B,2014-06,1.093B,864.00M,-206.00M,-206.00M,21.24B,905.00M,15.20B,1.65B,5.003B,1.204B,340.00M,11.36B,402.00M,4.086B,44.81B,7.00M,14.97B,15.09B,40.72B,29.84B,25.64B,1.469B,1.653B,1.981B
AAL,2014-03,-2.135B,9.664B,7.96B,1.441B,5.686B,0.66,0.65,6.408B,31.40B,2.035B,2014-03,1.052B,480.00M,-236.00M,-236.00M,19.94B,990.00M,15.24B,593.00M,5.001B,493.00M,13.00M,9.995B,401.00M,1.095B,43.74B,6.00M,15.19B,15.08B,42.64B,28.54B,27.56B,1.442B,1.646B,2.008B
AAL,2013-12,-2.032B,9.251B,5.693B,1.446B,4.38B,-8.66,-8.66,6.397B,30.39B,1.675B,2013-12,1.012B,-2.001B,-208.00M,-208.00M,19.26B,935.00M,15.35B,576.00M,4.975B,-2.325B,-324.00M,7.368B,301.00M,-2.731B,42.28B,5.00M,14.32B,13.81B,45.01B,27.96B,31.20B,1.099B,1.368B,1.56B
AAL,2013-09,-3.09B,6.763B,5.079B,1.359B,5.293B,1.16,1.02,853.00M,13.47B,1.749B,2013-09,681.00M,289.00M,-221.00M,-221.00M,13.47B,223.00M,9.208B,716.00M,3.446B,289.00M,0,6.828B,294.00M,-7.922B,26.78B,342.00M,10.24B,10.10B,34.70B,16.54B,24.60B,1.033B,1.307B,1.34B
AAL,2013-06,-3.09B,6.21B,4.922B,1.327B,5.665B,0.88,0.79,859.00M,13.55B,1.527B,2013-06,589.00M,220.00M,-156.00M,-156.00M,13.55B,1.658B,8.354B,524.00M,3.677B,220.00M,0,6.449B,273.00M,-8.216B,26.22B,341.00M,9.635B,10.67B,34.43B,16.58B,23.76B,1.003B,1.507B,1.376B
AAL,2013-03,-3.03B,4.244B,4.964B,1.286B,5.18B,-1.37,-1.37,863.00M,13.30B,1.134B,2013-03,595.00M,-341.00M,-250.00M,-250.00M,13.30B,1.687B,7.021B,142.00M,3.524B,-363.00M,-22.00M,6.098B,290.00M,-8.376B,23.85B,341.00M,7.525B,9.99B,32.23B,16.33B,22.24B,992.00M,1.44B,1.243B
AAL,2012-12,-2.98B,3.892B,5.074B,1.419B,2.813B,2.088,1.847,869.00M,24.23B,863.00M,2012-12,580.00M,263.00M,-159.00M,-159.00M,13.40B,1.685B,7.116B,101.00M,3.068B,-306.00M,-569.00M,5.937B,-5.359B,-7.987B,23.51B,127.00M,7.072B,9.011B,31.50B,16.44B,22.49B,762.00M,975.00M,1.124B
AAL,2012-09,-2.101B,4.226B,5.171B,1.544B,4.223B,-1.901,-1.901,875.00M,13.82B,1.258B,2012-09,596.00M,-238.00M,-141.00M,-141.00M,13.62B,110.00M,6.489B,262.00M,3.312B,-238.00M,0,6.429B,2.198B,-7.375B,23.93B,341.00M,7.303B,9.586B,31.30B,16.62B,21.72B,996.00M,1.283B,1.16B
AAL,2012-06,-3.93B,4.98B,5.198B,1.654B,0,-1.928,-1.928,881.00M,13.98B,1.254B,2012-06,593.00M,-241.00M,-145.00M,-145.00M,13.78B,2.587B,6.716B,248.00M,3.261B,-241.00M,0,6.452B,2.165B,-8.968B,24.73B,341.00M,7.984B,10.07B,33.69B,16.74B,23.63B,1.006B,1.362B,1.129B
AAL,2012-03,-3.884B,4.819B,5.146B,6.507B,0,-13.25,-13.25,887.00M,13.92B,891.00M,2012-03,619.00M,-1.66B,-160.00M,-160.00M,13.92B,2.509B,6.891B,-78.00M,3.036B,-1.66B,0,6.037B,0,-8.686B,24.51B,341.00M,7.778B,9.543B,33.20B,16.73B,23.65B,969.00M,1.336B,1.056B
AAL,2011-12,-3.964B,4.001B,11.69B,1.518B,0,-8.762,-8.762,894.00M,24.85B,-5.73B,2011-12,617.00M,-1.095B,-179.00M,-179.00M,14.31B,0,6.702B,-11.00M,2.889B,-1.095B,0,5.956B,0,-7.111B,23.85B,341.00M,6.757B,8.63B,30.96B,17.09B,22.33B,-5.719B,1.007B,902.00M
AAL,2011-09,-2.783B,4.296B,3.128B,1.453B,0,-1.285,-1.285,204.00M,15.14B,3.248B,2011-09,631.00M,-162.00M,-205.00M,-205.00M,15.14B,0,10.17B,39.00M,3.078B,-162.00M,0,6.376B,0,-4.833B,24.72B,341.00M,6.838B,8.923B,29.55B,17.88B,20.63B,3.209B,1.15B,925.00M
AAL,2011-06,-2.613B,5.176B,3.049B,1.83B,0,-2.276,-2.276,211.00M,15.16B,3.065B,2011-06,641.00M,-286.00M,-198.00M,-198.00M,15.16B,0,10.05B,-78.00M,3.302B,-286.00M,0,6.114B,0,-4.509B,25.79B,341.00M,7.997B,9.766B,30.30B,17.79B,20.53B,3.143B,1.291B,945.00M
