Ticker,Date,Accrued Comprehensive Inc,Cash and Short Term Investments,Cost of Goods Sold,Current Debt & Capital Lease Obligation,EPS Basic,EPS Diluted,Goodwill and Intangibles,Gross PP&E,Gross Profit,Income (Quarterly),Inventories,Net Income,Net Non-Operating Interest Income Expense,Net Operating Interest Income,Net PP&E,Non-Current Deferred Liabilities,Non-Current Portion of LTD and Capital Lease Obligation,Operating Income,Payables and Accrued Expenses,Pre-Tax Income,Provision for Income Taxes,Research and Development Expense,Revenue,SG&A Expense,Shareholders Equity,Total Assets,Total Capital Stock,Total Current Assets,Total Current Liabilities,Total Liabilities,Total Long Term Assets,Total Long Term Liabilities,Total Operating Expenses,Total Payables,Total Receivables
ABBV,2020-12,-3.117B,8.479B,4.684B,8.502B,0.0204,0.01,116.00B,10.86B,9.174B,2020-12,3.31B,36.00M,-618.00M,-618.00M,5.248B,3.646B,77.55B,4.053B,20.16B,-1.507B,-1.545B,1.89B,13.86B,3.231B,13.08B,150.56B,18.00M,24.17B,28.66B,137.47B,126.39B,108.81B,5.121B,4.611B,8.822B
ABBV,2020-09,-3.259B,7.95B,5.05B,4.777B,1.3,1.29,117.44B,10.39B,7.852B,2020-09,3.474B,2.308B,-620.00M,-620.00M,4.986B,4.485B,82.28B,3.30B,19.40B,2.50B,187.00M,1.706B,12.90B,2.846B,15.27B,149.62B,18.00M,23.01B,24.18B,134.33B,126.61B,110.15B,4.552B,3.223B,8.416B
ABBV,2020-06,-3.435B,6.04B,3.711B,5.371B,-0.46,-0.46,119.13B,10.33B,6.714B,2020-06,4.059B,-738.00M,-614.00M,-614.00M,4.908B,4.785B,82.06B,1.605B,19.28B,-693.00M,46.00M,1.582B,10.42B,3.527B,14.71B,149.53B,18.00M,21.26B,24.65B,134.80B,128.27B,110.15B,5.109B,3.153B,8.354B
ABBV,2020-03,-3.697B,41.14B,1.942B,3.762B,2.02,2.02,33.76B,8.25B,6.677B,2020-03,1.844B,3.01B,-428.00M,-428.00M,2.961B,959.00M,63.28B,3.603B,12.71B,3.098B,88.00M,1.379B,8.619B,1.695B,-7.415B,91.20B,18.00M,51.76B,16.47B,98.61B,39.44B,82.14B,3.074B,0,6.362B
ABBV,2019-12,-3.596B,39.92B,2.006B,3.753B,1.894,1.88,34.25B,8.188B,6.698B,2019-12,1.813B,2.801B,-455.00M,-455.00M,2.962B,1.13B,62.98B,4.095B,11.83B,3.074B,273.00M,1.542B,8.704B,1.951B,-8.172B,89.12B,18.00M,49.52B,15.58B,97.29B,39.60B,81.70B,2.603B,0,5.428B
ABBV,2019-09,-2.528B,10.65B,1.92B,5.276B,1.27,1.26,34.57B,8.492B,6.559B,2019-09,1.929B,1.884B,-420.00M,-420.00M,2.894B,1.058B,33.13B,2.617B,12.22B,2.001B,117.00M,2.285B,8.479B,1.657B,-8.226B,59.44B,18.00M,20.17B,17.49B,67.67B,39.28B,50.17B,3.942B,0,5.529B
ABBV,2019-06,-2.491B,5.416B,1.819B,5.641B,0.49,0.49,36.10B,8.443B,6.436B,2019-06,1.895B,741.00M,-309.00M,-309.00M,2.879B,1.148B,31.62B,3.491B,11.30B,807.00M,66.00M,1.291B,8.255B,1.654B,-8.566B,57.14B,18.00M,15.10B,16.94B,65.71B,42.04B,48.77B,2.945B,0,5.482B
ABBV,2019-03,-2.516B,5.228B,1.694B,2.078B,1.65,1.65,36.45B,8.37B,6.134B,2019-03,1.702B,2.456B,-325.00M,-325.00M,2.86B,1.116B,35.07B,3.165B,11.83B,2.544B,88.00M,1.289B,7.828B,1.68B,-7.826B,56.77B,18.00M,14.41B,13.90B,64.60B,42.36B,50.69B,2.969B,0,5.68B
ABBV,2018-12,-2.48B,8.061B,2.022B,5.308B,-1.235,-1.235,36.90B,8.396B,6.283B,2018-12,1.605B,-1.826B,-319.00M,-319.00M,2.883B,1.067B,35.00B,-2.141B,11.93B,-2.373B,-547.00M,6.495B,8.305B,1.929B,-8.446B,59.35B,18.00M,16.94B,17.24B,67.80B,42.41B,50.56B,8.424B,0,5.384B
ABBV,2018-09,-2.559B,8.785B,1.835B,4.021B,1.81,1.81,42.34B,8.449B,6.401B,2018-09,1.786B,2.747B,-302.00M,-302.00M,2.95B,1.49B,36.49B,3.214B,11.37B,2.761B,14.00M,1.268B,8.236B,1.919B,-2.921B,66.16B,18.00M,18.46B,15.39B,69.08B,47.70B,53.70B,3.187B,0,5.78B
ABBV,2018-06,-2.639B,3.743B,1.934B,6.53B,1.26,1.26,42.60B,8.214B,6.344B,2018-06,1.58B,1.983B,-272.00M,-272.00M,2.787B,1.67B,30.58B,2.762B,10.69B,2.012B,29.00M,1.322B,8.278B,1.76B,-3.375B,61.64B,18.00M,13.84B,17.22B,65.02B,47.80B,47.79B,3.582B,2.617B,5.793B
ABBV,2018-03,-2.63B,9.474B,1.927B,6.381B,1.74,1.74,43.11B,8.231B,6.007B,2018-03,1.738B,2.783B,-251.00M,-251.00M,2.828B,2.304B,30.91B,2.972B,10.68B,2.797B,14.00M,1.244B,7.934B,1.791B,3.553B,69.34B,18.00M,20.44B,17.06B,65.79B,48.90B,48.73B,3.035B,2.435B,5.841B
ABBV,2017-12,-2.727B,9.789B,2.281B,6.415B,0.0327,0.03,43.34B,8.071B,5.458B,2017-12,1.605B,52.00M,-252.00M,-252.00M,2.803B,2.49B,30.95B,2.094B,10.23B,1.193B,1.141B,1.408B,7.739B,1.956B,5.097B,70.79B,18.00M,21.22B,16.64B,65.69B,49.56B,49.05B,3.364B,0,5.088B
ABBV,2017-09,-2.613B,9.554B,1.616B,3.821B,1.02,1.01,43.92B,7.894B,5.379B,2017-09,1.785B,1.631B,-252.00M,-252.00M,2.697B,6.147B,33.97B,2.694B,9.212B,2.095B,464.00M,1.228B,6.995B,1.457B,6.687B,68.84B,18.00M,18.93B,13.03B,62.15B,49.91B,49.12B,2.685B,0,4.891B
ABBV,2017-06,-2.548B,7.205B,1.529B,3.42B,1.2,1.19,44.02B,7.786B,5.415B,2017-06,1.582B,1.915B,-253.00M,-253.00M,2.657B,6.391B,33.82B,2.677B,8.839B,2.353B,438.00M,1.229B,6.944B,1.509B,6.009B,66.99B,18.00M,16.96B,12.26B,60.98B,50.03B,48.73B,2.738B,0,4.859B
ABBV,2017-03,-2.542B,6.248B,1.616B,425.00M,1.07,1.06,44.12B,7.596B,4.922B,2017-03,1.427B,1.711B,-247.00M,-247.00M,2.612B,6.797B,36.53B,2.407B,8.419B,2.086B,375.00M,1.142B,6.538B,1.373B,4.998B,65.66B,18.00M,15.55B,8.844B,60.67B,50.12B,51.82B,2.515B,0,4.677B
ABBV,2016-12,-2.586B,6.423B,1.554B,402.00M,0.8735,0.85,44.31B,7.526B,5.242B,2016-12,1.444B,1.391B,-290.00M,-290.00M,2.604B,6.89B,36.44B,2.354B,9.379B,1.998B,607.00M,1.209B,6.796B,1.679B,4.636B,66.10B,18.00M,16.19B,9.781B,61.46B,49.91B,51.68B,2.888B,0,4.758B
ABBV,2016-09,-2.34B,7.95B,1.504B,26.00M,0.97,0.97,44.77B,7.71B,4.928B,2016-09,1.63B,1.598B,-250.00M,-250.00M,2.638B,6.124B,37.28B,2.441B,9.077B,2.014B,416.00M,1.106B,6.432B,1.381B,6.469B,66.63B,18.00M,16.29B,9.103B,60.16B,50.34B,51.05B,2.487B,0,4.999B
ABBV,2016-06,-2.39B,8.002B,1.405B,517.00M,0.99,0.98,44.96B,7.601B,5.047B,2016-06,1.756B,1.61B,-225.00M,-225.00M,2.618B,7.18B,37.33B,2.457B,8.755B,2.096B,486.00M,1.124B,6.452B,1.466B,5.64B,67.21B,18.00M,16.79B,9.272B,61.57B,50.42B,52.30B,2.59B,0,5.048B
ABBV,2016-03,-2.423B,8.60B,1.369B,2.423B,0.83,0.83,32.79B,7.489B,4.589B,2016-03,1.789B,1.354B,-200.00M,-200.00M,2.597B,5.412B,29.49B,2.288B,8.239B,1.776B,422.00M,946.00M,5.958B,1.355B,4.643B,53.72B,18.00M,16.62B,10.66B,49.08B,37.10B,38.42B,2.301B,0,4.753B
ABBV,2015-12,-2.561B,8.407B,1.475B,2.431B,0.9423,0.92,32.88B,7.334B,4.925B,2015-12,1.719B,1.517B,-199.00M,-199.00M,2.565B,5.276B,29.24B,2.113B,8.463B,1.924B,407.00M,1.075B,6.40B,1.737B,3.945B,53.05B,17.00M,16.31B,10.89B,49.10B,36.74B,38.21B,2.812B,2.521B,4.73B
ABBV,2015-09,-2.499B,9.249B,1.167B,768.00M,0.75,0.74,33.06B,7.281B,4.777B,2015-09,1.841B,1.239B,-197.00M,-197.00M,2.546B,5.996B,31.36B,1.885B,8.045B,1.647B,408.00M,1.418B,5.944B,1.474B,4.863B,54.83B,17.00M,17.91B,8.813B,49.97B,36.92B,41.16B,2.892B,2.192B,4.574B
ABBV,2015-06,-2.374B,8.279B,916.00M,4.007B,0.84,0.83,33.15B,7.172B,4.559B,2015-06,1.623B,1.366B,-164.00M,-164.00M,2.517B,6.059B,27.12B,1.875B,7.251B,1.678B,312.00M,981.00M,5.475B,1.703B,5.504B,53.86B,17.00M,16.88B,11.26B,48.35B,36.98B,37.09B,2.684B,2.452B,4.367B
ABBV,2015-03,-2.467B,7.924B,942.00M,4.59B,0.64,0.63,7.012B,6.988B,4.098B,2015-03,1.022B,1.022B,-126.00M,-126.00M,2.431B,159.00M,10.68B,1.814B,6.46B,1.396B,374.00M,811.00M,5.04B,1.473B,1.377B,26.70B,16.00M,15.41B,11.05B,25.32B,11.29B,14.27B,2.284B,0,4.356B
ABBV,2014-12,-2.031B,8.374B,1.119B,4.439B,-0.509,-0.51,7.375B,7.105B,4.333B,2014-12,1.124B,-810.00M,-129.00M,-129.00M,2.485B,570.00M,10.54B,-387.00M,6.954B,-1.037B,-227.00M,879.00M,5.452B,3.341B,1.742B,27.51B,16.00M,16.08B,11.39B,25.77B,11.43B,14.38B,4.72B,0,3.735B
ABBV,2014-09,-913.00M,7.728B,1.094B,323.00M,0.32,0.31,7.542B,7.055B,3.925B,2014-09,1.008B,506.00M,-128.00M,-128.00M,2.432B,0,14.47B,1.268B,6.312B,687.00M,181.00M,812.00M,5.019B,1.595B,4.645B,28.45B,16.00M,17.56B,6.635B,23.81B,10.90B,17.17B,2.657B,0,3.995B
ABBV,2014-06,-420.00M,10.25B,1.113B,271.00M,0.69,0.68,7.939B,7.147B,3.813B,2014-06,1.048B,1.098B,-69.00M,-69.00M,2.387B,0,14.47B,1.531B,6.046B,1.433B,335.00M,834.00M,4.926B,1.448B,5.218B,29.04B,16.00M,17.79B,6.317B,23.83B,11.25B,17.51B,2.282B,0,3.811B
ABBV,2014-03,-426.00M,9.10B,1.10B,20.00M,0.61,0.61,8.073B,7.016B,3.463B,2014-03,1.104B,980.00M,-65.00M,-65.00M,2.333B,0,14.39B,1.351B,6.196B,1.286B,306.00M,772.00M,4.563B,1.34B,4.697B,28.66B,16.00M,17.33B,6.216B,23.96B,11.33B,17.74B,2.112B,0,4.59B
ABBV,2013-12,-442.00M,9.895B,1.282B,431.00M,0.7106,0.7,8.167B,6.909B,3.829B,2013-12,1.15B,1.128B,-68.00M,-68.00M,2.298B,0,14.29B,1.583B,6.448B,1.439B,311.00M,798.00M,5.111B,1.448B,4.492B,29.20B,16.00M,17.85B,6.879B,24.71B,11.35B,17.83B,2.246B,0,4.803B
ABBV,2013-09,-981.00M,9.596B,1.092B,434.00M,0.6,0.6,8.192B,6.79B,3.566B,2013-09,1.172B,964.00M,-69.00M,-69.00M,2.244B,0,14.38B,1.591B,6.441B,1.286B,322.00M,714.00M,4.658B,1.261B,3.577B,28.25B,16.00M,16.54B,6.875B,24.68B,11.71B,17.80B,1.975B,0,3.798B
ABBV,2013-06,-1.169B,8.754B,1.054B,432.00M,0.67,0.66,8.221B,6.646B,3.638B,2013-06,1.085B,1.068B,-75.00M,-75.00M,2.213B,360.00M,14.33B,1.523B,6.373B,1.368B,300.00M,709.00M,4.692B,1.406B,3.558B,27.91B,16.00M,15.66B,6.805B,24.35B,12.25B,17.55B,2.115B,1.479B,3.755B
ABBV,2013-03,-1.237B,7.479B,1.153B,436.00M,0.61,0.6,8.213B,6.545B,3.176B,2013-03,1.037B,968.00M,-66.00M,-66.00M,2.20B,646.00M,14.60B,1.305B,6.33B,1.239B,271.00M,634.00M,4.329B,1.237B,2.957B,27.17B,16.00M,14.92B,6.766B,24.21B,12.25B,17.45B,1.871B,423.91M,4.299B
ABBV,2012-12,-350.00M,7.976B,1.265B,1.042B,0.9747,0.9747,8.453B,6.542B,3.941B,2012-12,1.091B,1.54B,-88.00M,-88.00M,2.247B,0,14.63B,1.849B,5.734B,1.713B,173.00M,681.00M,5.206B,1.411B,3.363B,27.01B,3.713B,15.35B,6.776B,23.64B,11.65B,16.87B,2.092B,337.12M,4.298B
ABBV,2012-09,-164.92M,4.586B,1.014B,16.00M,1.003,1.003,8.523B,6.308B,3.494B,2012-09,958.88M,1.585B,1.00M,1.00M,2.139B,0,32.00M,1.596B,4.847B,1.604B,19.00M,813.00M,4.508B,1.085B,15.67B,22.73B,11.96B,10.93B,5.368B,7.061B,11.80B,1.693B,1.898B,476.13M,3.098B
ABBV,2012-06,-325.49M,74.54M,1.073B,0,0.8019,0.8019,8.514B,6.136B,3.42B,2012-06,862.78M,1.267B,2.00M,2.00M,2.092B,0,0,1.532B,4.401B,1.402B,135.00M,642.00M,4.493B,1.246B,11.51B,17.71B,0,5.993B,4.840B,6.204B,11.72B,1.365B,1.888B,417.00M,2.994B
ABBV,2012-03,194.18M,42.99M,1.156B,0,0.5589,0.5589,8.909B,6.154B,3.017B,2012-03,915.79M,883.00M,1.00M,1.00M,2.169B,0,0,1.128B,5.155B,1.006B,123.00M,642.00M,4.173B,1.247B,12.05B,18.96B,0,6.751B,5.515B,6.911B,12.21B,1.396B,1.889B,0,3.647B
ABBV,2011-12,-25.00M,653.00M,1.176B,0,0.7326,0.7326,9.01B,5.948B,3.688B,2011-12,872.00M,1.157B,0,0,2.144B,0,0,1.779B,5.881B,1.357B,199.94M,775.62M,4.864B,1.134B,11.93B,19.52B,0,7.354B,5.897B,7.589B,12.17B,1.692B,1.910B,0,3.817B
