Ticker,Date,Accrued Comprehensive Inc,Cash and Short Term Investments,Cost of Goods Sold,Current Debt & Capital Lease Obligation,Current Deferred Liabilities,EPS Basic,EPS Diluted,Goodwill and Intangibles,Gross PP&E,Gross Profit,Income (Quarterly),Inventories,Net Income,Net Non-Operating Interest Income Expense,Net Operating Interest Income,Net PP&E,Non-Current Deferred Liabilities,Non-Current Portion of LTD and Capital Lease Obligation,Operating Income,Payables and Accrued Expenses,Pre-Tax Income,Provision for Income Taxes,Revenue,SG&A Expense,Shareholders Equity,Total Assets,Total Capital Stock,Total Current Assets,Total Current Liabilities,Total Liabilities,Total Long Term Assets,Total Long Term Liabilities,Total Operating Expenses,Total Payables,Total Receivables
ABC,2020-12,-70.47M,4.891B,51.06B,59.37M,0,1.83,1.81,8.572B,3.244B,1.452B,2020-12,13.18B,374.84M,-33.61M,-33.61M,1.477B,703.65M,3.641B,617.61M,34.99B,527.88M,149.18M,52.52B,735.07M,-697.22M,45.85B,2.891M,34.70B,35.04B,46.36B,11.15B,11.31B,834.62M,33.45B,15.20B
ABC,2020-09,-108.83M,4.598B,47.90B,501.26M,0,-23.74,-23.74,8.593B,3.349B,1.347B,2020-09,12.59B,-4.846B,-34.71M,-34.71M,1.485B,686.48M,3.618B,528.54M,33.35B,-6.143B,-1.299B,49.24B,720.97M,-1.019B,44.27B,2.878M,33.06B,33.85B,45.11B,11.22B,11.26B,818.30M,31.71B,14.33B
ABC,2020-06,-128.66M,3.420B,44.14B,519.71M,0,1.42,1.41,8.616B,3.325B,1.226B,2020-06,11.85B,289.44M,-37.75M,-37.75M,1.455B,1.806B,3.621B,463.42M,30.11B,343.84M,56.57M,45.37B,666.88M,3.857B,40.79B,2.875M,29.92B,30.63B,36.82B,10.87B,6.190B,762.30M,29.15B,13.14B
ABC,2020-03,-132.81M,3.692B,46.03B,522.81M,0,4.68,4.64,8.640B,3.385B,1.388B,2020-03,11.10B,960.28M,-34.42M,-34.42M,1.422B,1.844B,3.622B,600.90M,31.59B,276.20M,-694.91M,47.42B,693.41M,3.591B,42.04B,2.868M,31.18B,32.11B,38.34B,10.86B,6.225B,787.21M,30.72B,14.91B
ABC,2019-12,-87.73M,3.233B,46.63B,532.49M,0,0.91,0.9,8.846B,3.493B,1.231B,2019-12,11.69B,187.64M,-31.01M,-31.01M,1.442B,1.895B,3.636B,440.75M,30.10B,229.59M,43.02M,47.86B,685.95M,2.955B,40.02B,2.86M,28.95B,30.63B,36.95B,11.06B,6.317B,790.47M,29.18B,12.57B
ABC,2019-09,-111.96M,3.374B,44.45B,139.01M,0,0.64,0.63,9.000B,3.408B,1.185B,2019-09,11.06B,132.62M,-36.40M,-36.40M,1.771B,1.860B,4.034B,354.25M,29.44B,144.65M,12.34M,45.64B,721.94M,2.879B,39.17B,2.853M,28.13B,29.58B,36.18B,11.04B,6.597B,830.49M,28.39B,12.39B
ABC,2019-06,-86.88M,3.000B,44.01B,166.14M,0,1.44,1.43,9.037B,0,1.231B,2019-06,11.25B,301.96M,-35.92M,-35.92M,1.767B,1.872B,4.019B,466.70M,28.62B,371.12M,69.11M,45.24B,656.94M,2.989B,38.48B,2.849M,27.40B,28.79B,35.37B,11.08B,6.582B,764.54M,27.81B,11.99B
ABC,2019-03,-85.14M,2.876B,41.89B,282.97M,0,0.13,0.13,9.056B,0,1.425B,2019-03,11.37B,27.14M,-43.28M,-43.28M,1.859B,1.857B,4.010B,672.95M,28.93B,18.78M,-9.289M,43.32B,628.04M,2.921B,38.81B,2.846M,27.62B,29.21B,35.77B,11.19B,6.560B,751.80M,28.19B,12.22B
ABC,2018-12,-92.88M,2.540B,44.09B,156.28M,0,1.86,1.84,9.622B,0,1.298B,2018-12,11.80B,393.65M,-42.17M,-42.17M,1.897B,1.880B,4.165B,518.50M,29.20B,432.56M,40.80M,45.39B,656.58M,3.048B,39.27B,2.842M,27.48B,29.35B,36.10B,11.79B,6.751B,779.08M,28.34B,11.98B
ABC,2018-09,-79.25M,2.493B,42.26B,151.66M,0,1.09,1.09,9.612B,0,1.033B,2018-09,11.92B,233.29M,-43.05M,-43.05M,1.892B,1.829B,4.159B,254.28M,27.72B,111.87M,-82.13M,43.30B,657.80M,2.933B,37.67B,2.836M,25.89B,27.87B,34.62B,11.78B,6.750B,778.36M,26.84B,11.31B
ABC,2018-06,-82.02M,2.389B,41.93B,195.59M,0,1.26,1.25,9.714B,3.388B,1.211B,2018-06,12.07B,275.81M,-47.15M,-47.15M,1.903B,1.877B,4.198B,464.75M,27.90B,345.20M,67.33M,43.14B,626.55M,3.098B,38.31B,2.833M,26.40B,28.10B,35.03B,11.91B,6.934B,746.59M,26.45B,11.76B
ABC,2018-03,-43.51M,2.091B,39.78B,252.89M,0,1.31,1.29,9.760B,3.373B,1.256B,2018-03,12.87B,287.46M,-48.64M,-48.64M,1.940B,1.808B,4.278B,518.87M,27.84B,361.33M,79.17M,41.03B,617.43M,3.188B,38.40B,2.831M,26.40B,28.09B,35.03B,12.00B,6.938B,736.81M,26.40B,11.27B
ABC,2017-12,-96.34M,3.038B,39.35B,20.06M,0,3.95,3.9,8.901B,3.190B,1.113B,2017-12,12.02B,861.85M,-35.86M,-35.86M,1.829B,1.660B,4.267B,448.99M,26.72B,359.02M,-502.83M,40.47B,558.52M,2.875B,36.36B,2.814M,25.30B,26.74B,33.49B,11.07B,6.747B,663.66M,25.35B,10.13B
ABC,2017-09,-95.85M,2.435B,37.95B,12.12M,0,-1.35,-1.35,8.878B,3.091B,1.172B,2017-09,11.46B,-344.59M,-35.31M,-35.31M,1.798B,2.493B,3.430B,506.81M,26.81B,-171.54M,173.05M,39.12B,560.88M,2.064B,35.32B,2.806M,24.30B,26.82B,33.25B,11.01B,6.434B,665.21M,25.40B,10.30B
ABC,2017-06,-112.46M,1.311B,37.63B,4.119M,0,0.23,0.23,8.914B,3.009B,1.080B,2017-06,11.67B,50.35M,-35.60M,-35.60M,1.750B,2.400B,3.429B,454.89M,25.75B,133.38M,83.02M,38.71B,525.46M,2.554B,34.65B,2.804M,23.68B,25.75B,32.10B,10.98B,6.349B,624.98M,24.80B,10.55B
ABC,2017-03,-123.49M,2.404B,35.89B,615.85M,0,1.89,1.86,8.877B,2.896B,1.256B,2017-03,11.34B,411.47M,-37.30M,-37.30M,1.702B,2.332B,3.478B,636.92M,24.92B,592.92M,181.44M,37.15B,521.84M,2.529B,34.40B,2.796M,23.49B,25.53B,31.87B,10.90B,6.336B,619.51M,24.28B,9.584B
ABC,2016-12,-141.85M,1.791B,37.13B,607.98M,0,1.13,1.11,8.914B,2.768B,1.038B,2016-12,11.41B,247.25M,-36.97M,-36.97M,1.631B,2.223B,3.527B,421.05M,24.93B,363.14M,115.89M,38.17B,520.55M,2.117B,33.92B,2.783M,23.08B,25.54B,31.80B,10.84B,6.260B,616.63M,24.17B,9.696B
ABC,2016-09,-114.31M,2.742B,36.44B,610.21M,0,0.62,0.62,8.959B,2.617B,1.125B,2016-09,10.72B,145.68M,-35.05M,-35.05M,1.531B,2.215B,3.576B,499.61M,24.67B,191.57M,45.89M,37.56B,530.26M,2.129B,33.64B,2.778M,22.85B,25.28B,31.51B,10.79B,6.228B,624.92M,23.93B,9.176B
ABC,2016-06,-110.98M,1.865B,35.77B,613.18M,0,1.62,1.55,8.986B,2.220B,1.108B,2016-06,10.49B,349.16M,-35.15M,-35.15M,1.166B,2.121B,3.794B,497.16M,23.38B,495.63M,146.48M,36.88B,516.44M,1.879B,31.91B,2.77M,21.46B,24.00B,30.03B,10.46B,6.038B,610.71M,22.69B,8.985B
ABC,2016-03,-102.18M,2.525B,34.62B,119.55M,0,2.9,2.68,9.028B,2.113B,1.075B,2016-03,10.64B,603.45M,-35.97M,-35.97M,1.095B,2.041B,4.369B,463.03M,23.65B,915.27M,311.82M,35.70B,519.47M,2.191B,32.50B,2.765M,22.07B,23.77B,30.30B,10.43B,6.533B,612.30M,22.99B,8.767B
ABC,2015-12,-115.81M,978.09M,35.74B,108.41M,787.05M,1.6,1.45,9.053B,2.043B,964.88M,2015-12,10.86B,329.64M,-33.74M,-33.74M,1.060B,932.30M,4.393B,356.84M,23.13B,-211.57M,-541.21M,36.71B,525.08M,1.300B,30.76B,2.759M,20.36B,24.02B,29.46B,10.39B,5.431B,608.04M,22.54B,8.381B
ABC,2015-09,-136.33M,2.167B,34.50B,7.37M,1.128B,1.72,1.56,6.138B,2.143B,973.57M,2015-09,9.755B,361.01M,-38.96M,-38.96M,1.193B,1.944B,3.493B,352.71M,21.58B,470.31M,109.30M,35.47B,546.16M,616.39M,27.96B,2.75M,20.33B,21.58B,27.35B,7.628B,5.768B,620.86M,20.89B,8.223B
ABC,2015-06,-69.01M,2.555B,33.34B,64.20M,1.117B,0.98,0.89,6.115B,1.854B,891.46M,2015-06,9.640B,214.16M,-29.79M,-29.79M,958.69M,241.20M,3.743B,320.29M,19.98B,304.31M,90.14M,34.23B,502.74M,1.576B,27.33B,2.747M,19.90B,21.12B,25.76B,7.431B,4.641B,571.17M,19.35B,7.597B
ABC,2015-03,-75.58M,2.337B,31.76B,423.00M,1.100B,-2.33,-2.33,6.122B,1.812B,911.98M,2015-03,9.517B,-513.39M,-22.95M,-22.95M,955.56M,0,3.943B,413.33M,19.04B,-398.60M,114.79M,32.67B,442.44M,1.916B,27.01B,2.741M,19.56B,20.23B,25.09B,7.449B,4.863B,498.65M,18.40B,7.560B
ABC,2014-12,-60.73M,2.299B,32.84B,0,1.095B,-0.91,-0.91,3.501B,1.742B,752.30M,2014-12,10.63B,-199.95M,-17.34M,-17.34M,907.00M,0,1.996B,286.51M,19.71B,-107.05M,92.89M,33.59B,416.49M,1.768B,24.90B,2.72M,20.14B,20.81B,23.14B,4.760B,2.332B,465.79M,19.03B,7.144B
ABC,2014-09,-52.05M,1.809B,30.72B,0,1.058B,0.3,0.29,3.482B,1.692B,872.54M,2014-09,8.594B,65.55M,-24.42M,-24.42M,899.58M,0,1.996B,366.99M,16.15B,184.71M,119.16M,31.59B,452.65M,1.957B,21.53B,2.711M,16.80B,17.25B,19.58B,4.732B,2.325B,505.55M,15.59B,6.313B
ABC,2014-06,-39.38M,1.262B,29.66B,0,1.003B,-0.06,-0.06,3.489B,1.661B,692.00M,2014-06,8.422B,-12.78M,-20.90M,-20.90M,882.16M,0,1.995B,257.06M,15.28B,58.33M,71.11M,30.35B,387.61M,1.986B,20.63B,2.707M,15.89B,16.34B,18.64B,4.739B,2.305B,434.94M,14.81B,6.133B
ABC,2014-03,-44.51M,696.73M,27.73B,0,1.014B,0.78,0.76,3.495B,1.589B,729.59M,2014-03,8.493B,180.08M,-19.47M,-19.47M,850.85M,0,1.397B,308.76M,15.50B,285.44M,105.36M,28.46B,376.34M,2.146B,20.36B,2.695M,15.76B,16.50B,18.22B,4.601B,1.716B,420.84M,14.91B,6.506B
ABC,2013-12,-41.08M,347.46M,28.49B,0,1.002B,0.18,0.17,3.501B,1.528B,688.22M,2013-12,8.603B,41.38M,-18.83M,-18.83M,824.10M,0,1.397B,280.22M,14.39B,141.38M,92.45M,29.18B,364.06M,2.248B,19.80B,2.686M,15.23B,15.83B,17.55B,4.568B,1.719B,408.01M,13.86B,6.214B
ABC,2013-09,-35.48M,1.231B,23.90B,0,0,0.22,0.22,3.500B,1.471B,567.55M,2013-09,6.981B,51.02M,-18.67M,-18.67M,803.56M,0,1.397B,166.75M,13.87B,96.72M,46.16M,24.47B,358.30M,2.320B,18.92B,2.678M,14.39B,14.87B,16.60B,4.525B,1.728B,400.80M,13.34B,6.052B
ABC,2013-06,-55.10M,1.568B,21.34B,392.25M,991.41M,0.73,0.71,3.505B,1.417B,562.45M,2013-06,5.895B,168.44M,-18.19M,-18.19M,777.09M,0,1.396B,190.14M,11.45B,115.93M,51.82M,21.91B,331.17M,2.418B,16.58B,2.671M,12.14B,12.44B,14.16B,4.440B,1.719B,372.31M,11.01B,4.585B
ABC,2013-03,-56.24M,1.347B,19.81B,392.16M,1.005B,0.2,0.19,3.512B,1.384B,716.99M,2013-03,5.663B,45.63M,-18.51M,-18.51M,762.24M,0,1.396B,353.58M,10.83B,330.86M,126.72M,20.52B,323.54M,2.346B,16.11B,2.651M,11.72B,12.04B,13.77B,4.387B,1.722B,363.40M,10.36B,4.180B
ABC,2012-12,-33.89M,417.40M,20.40B,447.08M,981.46M,0.73,0.71,3.549B,1.406B,660.83M,2012-12,5.966B,168.61M,-18.52M,-18.52M,800.34M,0,1.396B,301.44M,10.40B,280.94M,106.32M,21.06B,320.70M,2.337B,15.50B,2.64M,11.02B,11.44B,13.16B,4.473B,1.723B,359.38M,9.880B,4.361B
ABC,2012-09,-32.66M,1.067B,18.35B,392.09M,963.08M,0.67,0.67,3.523B,1.300B,713.82M,2012-09,5.472B,163.49M,-23.14M,-23.14M,743.68M,0,1.396B,346.18M,10.06B,296.54M,106.09M,19.06B,329.14M,2.455B,15.44B,2.625M,11.06B,11.27B,12.99B,4.384B,1.722B,367.63M,9.493B,3.785B
ABC,2012-06,-43.25M,1.656B,18.66B,0.175M,906.01M,0.72,0.71,3.587B,1.487B,667.87M,2012-06,5.447B,181.27M,-23.77M,-23.77M,865.05M,0,1.484B,328.52M,9.653B,305.40M,115.22M,19.33B,303.81M,2.930B,15.75B,2.616M,11.17B,10.95B,12.82B,4.577B,1.867B,339.34M,9.171B,3.943B
ABC,2012-03,-37.36M,2.327B,19.03B,0.278M,860.47M,0.82,0.81,3.108B,1.394B,679.74M,2012-03,5.354B,212.10M,-23.38M,-23.38M,803.42M,0,1.490B,386.09M,9.662B,353.82M,134.67M,19.71B,262.42M,2.946B,15.65B,2.608M,11.60B,10.92B,12.70B,4.041B,1.784B,293.65M,9.250B,3.869B
ABC,2011-12,-44.38M,2.370B,19.73B,0,846.31M,0.63,0.62,3.103B,1.378B,583.92M,2011-12,5.824B,162.12M,-22.58M,-22.58M,793.60M,0,1.482B,284.98M,10.01B,258.84M,98.89M,20.31B,268.89M,2.905B,15.98B,2.584M,11.96B,11.30B,13.07B,4.022B,1.772B,298.94M,9.589B,3.724B
ABC,2011-09,-50.87M,1.826B,18.35B,0,838.72M,0.55,0.54,2.806B,1.158B,537.83M,2011-09,5.443B,147.32M,-19.34M,-19.34M,672.86M,0,972.86M,260.42M,9.602B,213.87M,75.68M,18.89B,255.05M,2.867B,14.98B,4.965M,11.38B,10.88B,12.12B,3.608B,1.241B,277.41M,9.191B,3.794B
ABC,2011-06,-22.49M,2.000B,19.51B,0,781.85M,0.67,0.66,2.844B,1.304B,653.58M,2011-06,5.158B,184.42M,-18.60M,-18.60M,761.99M,0,1.362B,317.16M,9.226B,298.49M,114.07M,20.16B,308.81M,3.203B,14.86B,4.958M,11.12B,10.01B,11.65B,3.734B,1.645B,336.42M,8.893B,3.907B
ABC,2011-03,-26.71M,1.912B,19.07B,0,739.73M,0.78,0.77,2.846B,1.272B,687.34M,2011-03,5.196B,214.38M,-19.06M,-19.06M,755.16M,0,1.343B,365.25M,9.210B,346.34M,131.95M,19.76B,296.13M,3.133B,14.68B,4.939M,10.96B,9.950B,11.55B,3.725B,1.598B,322.09M,8.909B,3.802B
