Ticker,Date,Accrued Comprehensive Inc,Cash and Short Term Investments,Cost of Goods Sold,Current Debt & Capital Lease Obligation,Current Deferred Liabilities,EPS Basic,EPS Diluted,Goodwill and Intangibles,Gross PP&E,Gross Profit,Income (Quarterly),Net Income,Net Non-Operating Interest Income Expense,Net Operating Interest Income,Net PP&E,Non-Current Deferred Liabilities,Non-Current Portion of LTD and Capital Lease Obligation,Operating Income,Payables and Accrued Expenses,Pre-Tax Income,Provision for Income Taxes,Revenue,SG&A Expense,Shareholders Equity,Total Assets,Total Capital Stock,Total Current Assets,Total Current Liabilities,Total Liabilities,Total Long Term Assets,Total Long Term Liabilities,Total Operating Expenses,Total Payables,Total Receivables
ACN,2021-02,-1.410B,9.170B,8.493B,742.12M,4.182B,2.27,2.23,9.961B,4.647B,3.595B,2021-02,1.441B,-0.515M,-0.515M,4.647B,925.93M,2.732B,1.654B,9.167B,1.762B,300.95M,12.09B,1.942B,18.31B,39.99B,0.072M,19.56B,14.09B,21.14B,20.42B,7.052B,1.942B,2.921B,8.725B
ACN,2020-11,-1.479B,8.677B,7.864B,741.80M,3.525B,2.37,2.32,9.208B,4.607B,3.898B,2020-11,1.500B,1.831M,1.831M,4.607B,869.64M,2.687B,1.891B,8.553B,1.987B,464.81M,11.76B,2.008B,17.91B,38.27B,0.072M,18.63B,12.82B,19.84B,19.64B,7.023B,2.008B,2.666B,8.548B
ACN,2020-08,-1.562B,8.510B,7.395B,763.88M,3.637B,2.03,1.99,8.739B,7.043B,3.441B,2020-08,1.288B,-6.214M,-6.214M,4.729B,870.63M,2.722B,1.545B,8.262B,1.783B,477.93M,10.84B,1.896B,17.00B,37.08B,0.072M,17.75B,12.66B,19.58B,19.33B,6.917B,1.896B,2.466B,7.847B
ACN,2020-05,-1.994B,6.446B,7.463B,747.34M,3.537B,1.93,1.9,8.367B,4.668B,3.529B,2020-05,1.228B,7.71M,7.71M,4.668B,846.97M,2.765B,1.713B,7.544B,1.681B,428.13M,10.99B,1.816B,16.01B,35.06B,0.072M,16.15B,11.83B,18.57B,18.91B,6.745B,1.816B,2.514B,8.346B
ACN,2020-02,-1.802B,5.440B,7.782B,744.48M,3.594B,1.94,1.91,7.607B,4.607B,3.359B,2020-02,1.235B,12.82M,12.82M,4.607B,796.97M,2.666B,1.489B,6.839B,1.510B,257.47M,11.14B,1.870B,15.47B,33.50B,0.072M,15.41B,11.18B,17.58B,18.10B,6.405B,1.870B,1.898B,8.518B
ACN,2019-11,-1.780B,5.814B,7.711B,714.48M,2.987B,2.13,2.09,7.170B,4.541B,3.648B,2019-11,1.357B,21.94M,21.94M,4.541B,729.96M,2.668B,1.767B,7.498B,1.801B,425.48M,11.36B,1.880B,15.17B,33.17B,0.072M,15.61B,11.20B,17.57B,17.56B,6.370B,1.880B,2.029B,8.577B
ACN,2019-08,-1.841B,6.130B,7.621B,6.411M,3.189B,1.77,1.74,7.046B,3.347B,3.435B,2019-08,1.130B,19.90M,19.90M,1.391B,698.46M,16.25M,1.571B,7.867B,1.561B,415.20M,11.06B,1.863B,14.41B,29.79B,0.072M,15.45B,11.06B,14.96B,14.34B,3.900B,1.863B,2.471B,8.095B
ACN,2019-05,-1.467B,4.772B,7.571B,4.137M,3.256B,1.96,1.93,6.766B,1.342B,3.528B,2019-05,1.250B,16.05M,16.05M,1.342B,720.96M,19.86M,1.718B,7.292B,1.704B,435.66M,11.10B,1.810B,13.74B,28.16B,0.072M,14.14B,10.55B,14.01B,14.01B,3.461B,1.810B,2.076B,8.134B
ACN,2019-02,-1.465B,4.468B,7.400B,4.365M,3.336B,1.76,1.73,6.515B,1.283B,3.054B,2019-02,1.124B,13.46M,13.46M,1.283B,746.83M,19.75M,1.387B,6.879B,1.376B,235.53M,10.45B,1.668B,13.34B,27.39B,0.072M,13.83B,10.22B,13.66B,13.56B,3.443B,1.668B,2.027B,8.151B
ACN,2018-11,-1.477B,4.367B,7.308B,4.727M,2.850B,2,1.96,6.220B,1.243B,3.297B,2018-11,1.275B,15.13M,15.13M,1.243B,737.53M,19.90M,1.629B,7.321B,1.610B,319.16M,10.61B,1.668B,12.68B,26.71B,0.072M,13.54B,10.18B,13.65B,13.17B,3.475B,1.668B,1.869B,8.023B
ACN,2018-08,-1.576B,5.065B,7.266B,5.337M,2.838B,1.61,1.58,6.070B,3.126B,3.238B,2018-08,1.030B,17.60M,17.60M,1.264B,743.85M,19.68M,1.470B,7.309B,1.457B,408.24M,10.50B,1.768B,10.36B,24.45B,0.072M,13.59B,10.15B,13.72B,10.86B,3.573B,1.768B,1.847B,7.496B
ACN,2018-05,-1.344B,3.932B,7.363B,2.84M,2.744B,1.63,1.6,5.964B,1.229B,3.332B,2018-05,1.043B,6.848M,6.848M,1.229B,768.06M,25.96M,1.635B,6.806B,1.613B,554.42M,10.69B,1.697B,9.797B,23.25B,0.072M,12.34B,9.554B,13.10B,10.91B,3.544B,1.697B,2.297B,7.447B
ACN,2018-02,-1.066B,3.598B,7.050B,2.914M,2.931B,1.4,1.37,6.015B,1.196B,2.860B,2018-02,863.70M,5.619M,5.619M,1.196B,782.69M,25.92M,1.296B,6.434B,1.245B,325.26M,9.909B,1.563B,9.683B,23.13B,0.071M,12.28B,9.368B,12.69B,10.85B,3.327B,1.563B,2.368B,7.511B
ACN,2017-11,-1.133B,3.682B,6.820B,2.979M,2.495B,1.82,1.79,5.771B,1.159B,3.064B,2017-11,1.124B,6.729M,6.729M,1.159B,809.35M,22.23M,1.498B,7.365B,1.494B,305.58M,9.884B,1.566B,9.102B,22.97B,0.071M,12.30B,9.863B,13.08B,10.67B,3.218B,1.566B,2.450B,7.458B
ACN,2017-08,-1.095B,4.130B,6.125B,2.907M,2.670B,1.51,1.48,5.713B,3.053B,2.928B,2017-08,932.45M,7.458M,7.458M,1.141B,800.35M,22.16M,1.855B,7.152B,1.292B,308.83M,9.052B,1.072B,8.949B,22.69B,0.071M,12.10B,9.824B,12.98B,10.59B,3.155B,1.072B,2.234B,6.885B
ACN,2017-05,-1.336B,3.385B,6.447B,2.942M,2.550B,1.08,1.05,5.254B,1.041B,2.910B,2017-05,669.47M,4.936M,4.936M,1.041B,757.60M,24.73M,865.44M,6.601B,874.40M,169.60M,9.357B,2.044B,8.167B,21.14B,0.072M,11.21B,9.154B,12.26B,9.930B,3.105B,2.044B,2.589B,6.742B
ACN,2017-02,-1.739B,3.241B,6.258B,2.944M,2.459B,1.35,1.33,4.797B,968.43M,2.504B,2017-02,838.75M,4.752M,4.752M,968.43M,794.37M,24.55M,1.139B,5.891B,1.119B,231.30M,8.762B,1.366B,7.964B,20.08B,0.072M,10.76B,8.353B,11.46B,9.315B,3.111B,1.366B,2.212B,6.564B
ACN,2016-11,-1.855B,4.080B,6.276B,2.773M,2.080B,1.62,1.58,4.560B,928.90M,2.730B,2016-11,1.004B,5.249M,5.249M,928.90M,783.07M,24.56M,1.332B,7.087B,1.331B,271.37M,9.006B,1.398B,7.417B,20.44B,0.072M,11.37B,9.170B,12.41B,9.075B,3.240B,1.398B,2.110B,6.469B
ACN,2016-08,-1.662B,4.908B,6.310B,2.773M,2.365B,1.72,1.68,4.120B,2.687B,2.656B,2016-08,1.069B,5.00M,5.00M,956.54M,865.83M,24.46M,1.195B,6.511B,1.459B,328.13M,8.966B,1.460B,7.555B,20.61B,0.072M,11.98B,8.879B,12.42B,8.633B,3.541B,1.460B,2.002B,6.222B
ACN,2016-05,-1.393B,3.501B,6.279B,2.072M,2.400B,1.44,1.41,4.044B,883.61M,2.690B,2016-05,897.25M,3.968M,3.968M,883.61M,924.86M,26.80M,1.306B,5.759B,1.294B,343.42M,8.969B,1.384B,7.127B,19.19B,0.076M,11.58B,8.161B,11.48B,7.615B,3.323B,1.384B,1.876B,6.440B
ACN,2016-02,-1.522B,3.037B,6.027B,1.784M,2.372B,2.12,2.08,4.033B,856.40M,2.370B,2016-02,1.327B,2.184M,2.184M,856.40M,852.01M,26.87M,1.088B,5.199B,1.623B,222.73M,8.397B,1.282B,6.812B,18.15B,0.076M,10.68B,7.573B,10.77B,7.469B,3.201B,1.282B,1.732B,6.007B
ACN,2015-11,-1.489B,3.076B,5.903B,1.848M,2.134B,1.31,1.28,4.045B,804.01M,2.563B,2015-11,818.90M,3.074M,3.074M,804.01M,652.44M,25.81M,1.221B,6.337B,1.228B,359.68M,8.466B,1.341B,5.900B,17.99B,0.076M,10.62B,8.472B,11.59B,7.371B,3.116B,1.341B,1.727B,6.026B
ACN,2015-08,-1.412B,4.363B,5.860B,1.848M,2.252B,1.18,1.15,3.395B,2.451B,2.504B,2015-08,737.63M,4.279M,4.279M,801.88M,615.83M,25.59M,1.094B,6.238B,1.081B,293.34M,8.365B,1.411B,6.134B,18.20B,0.076M,10.70B,8.491B,11.56B,7.503B,3.064B,1.411B,1.988B,5.725B
ACN,2015-05,-1.252B,4.029B,5.750B,0.001M,2.400B,1.27,1.24,3.089B,752.36M,2.525B,2015-05,793.70M,2.411M,2.411M,752.36M,697.14M,27.22M,1.134B,5.488B,1.132B,281.86M,8.275B,1.391B,5.911B,17.31B,0.076M,11.07B,7.888B,10.84B,6.239B,2.954B,1.391B,1.717B,5.548B
ACN,2015-02,-1.133B,4.064B,5.691B,0.191M,2.514B,1.1,1.08,2.819B,725.92M,2.241B,2015-02,690.73M,5.435M,5.435M,725.92M,691.68M,27.03M,1.021B,4.980B,1.005B,261.77M,7.932B,1.220B,5.991B,16.99B,0.076M,11.01B,7.494B,10.44B,5.984B,2.948B,1.220B,1.559B,5.426B
ACN,2014-11,-1.041B,4.475B,5.804B,0.004M,2.198B,1.32,1.29,2.788B,740.50M,2.539B,2014-11,831.53M,7.288M,7.288M,740.50M,732.44M,26.79M,1.188B,5.940B,1.192B,299.78M,8.343B,1.352B,5.482B,17.63B,0.076M,11.58B,8.137B,11.61B,6.054B,3.476B,1.352B,1.715B,5.655B
ACN,2014-08,-871.95M,4.924B,5.799B,0.33M,2.372B,1.11,1.08,2.794B,2.546B,2.469B,2014-08,701.02M,2.816M,2.816M,793.44M,743.56M,26.40M,1.079B,5.786B,1.088B,327.89M,8.267B,1.389B,5.732B,17.93B,0.076M,11.90B,8.158B,11.65B,6.026B,3.487B,1.389B,1.780B,5.663B
ACN,2014-05,-706.41M,4.052B,5.704B,0.139M,2.328B,1.29,1.26,2.355B,786.60M,2.536B,2014-05,817.34M,3.223M,3.223M,786.60M,675.62M,26.53M,1.179B,5.288B,1.176B,294.12M,8.240B,1.358B,5.604B,17.00B,0.076M,11.13B,7.616B,10.86B,5.868B,3.241B,1.358B,1.720B,5.570B
ACN,2014-02,-866.50M,3.683B,5.337B,0.167M,2.459B,1.06,1.03,2.312B,783.96M,2.230B,2014-02,671.30M,3.612M,3.612M,783.96M,674.72M,26.32M,951.28M,4.829B,950.13M,227.80M,7.567B,1.279B,5.272B,16.36B,0.076M,10.63B,7.288B,10.57B,5.723B,3.282B,1.279B,1.558B,5.319B
ACN,2013-11,-885.71M,4.530B,5.350B,0,2.166B,1.18,1.15,1.931B,779.25M,2.449B,2013-11,751.85M,3.098M,3.098M,779.25M,704.44M,25.94M,1.073B,5.663B,1.084B,271.93M,7.800B,1.376B,4.928B,16.52B,0.075M,11.29B,7.829B,11.10B,5.224B,3.271B,1.376B,1.666B,5.233B
ACN,2013-08,-1.053B,5.634B,5.175B,0.013M,2.255B,1.04,1.01,2.145B,2.388B,2.350B,2013-08,671.00M,4.759M,4.759M,779.68M,692.22M,25.60M,983.99M,5.906B,964.90M,237.58M,7.525B,1.366B,4.960B,16.87B,0.075M,11.84B,8.161B,11.44B,5.023B,3.278B,1.366B,1.537B,4.847B
ACN,2013-05,-852.15M,5.941B,5.270B,0.013M,2.281B,1.25,1.21,1.473B,798.92M,2.438B,2013-05,810.26M,3.663M,3.663M,798.92M,651.72M,0.016M,1.093B,5.349B,1.147B,272.52M,7.708B,1.345B,5.325B,16.52B,0.075M,12.08B,7.631B,10.71B,4.445B,3.083B,1.345B,1.528B,4.850B
ACN,2013-02,-688.59M,5.636B,5.263B,0.011M,2.341B,1.7,1.65,1.439B,810.90M,2.230B,2013-02,1.102B,6.218M,6.218M,810.90M,682.54M,0.019M,940.76M,5.025B,1.181B,-5.749M,7.493B,1.290B,5.452B,16.36B,0.075M,12.02B,7.365B,10.42B,4.342B,3.053B,1.290B,1.389B,4.976B
ACN,2012-11,-610.40M,5.681B,5.302B,5.381M,2.149B,1.09,1.06,1.387B,2.328B,2.366B,2012-11,698.82M,4.218M,4.218M,799.44M,648.63M,0.022M,1.049B,2.489B,1.046B,280.42M,7.668B,1.317B,4.507B,16.41B,0.075M,12.01B,7.977B,11.41B,4.394B,3.437B,1.317B,1.606B,3.502B
ACN,2012-08,-678.15M,6.643B,5.039B,4.653M,2.297B,0.91,0.88,1.215B,2.425B,2.249B,2012-08,578.28M,8.302M,8.302M,779.49M,659.31M,0.049M,940.78M,5.812B,946.15M,310.00M,7.288B,1.308B,4.146B,16.67B,0.074M,12.59B,8.109B,12.04B,4.077B,3.932B,1.308B,1.475B,4.481B
ACN,2012-05,-596.55M,5.631B,5.270B,4.762M,2.175B,1.07,1.03,1.206B,0,2.371B,2012-05,689.22M,7.807M,7.807M,752.50M,596.84M,1.201M,1.061B,2.324B,1.066B,303.62M,7.641B,1.310B,4.106B,15.54B,0.074M,11.46B,7.593B,10.95B,4.078B,3.355B,1.310B,1.453B,3.222B
ACN,2012-02,-282.12M,5.572B,5.143B,4.419M,2.401B,1,0.97,1.232B,0,2.116B,2012-02,643.92M,5.026M,5.026M,775.87M,601.84M,1.62M,889.71M,2.243B,898.54M,184.35M,7.260B,1.227B,4.469B,15.81B,0.074M,11.55B,7.538B,10.81B,4.253B,3.277B,1.227B,1.452B,3.356B
ACN,2011-11,-452.48M,5.097B,5.338B,4.621M,2.139B,1,0.96,1.225B,0,2.252B,2011-11,642.09M,6.354M,6.354M,745.90M,615.55M,0,981.55M,2.352B,993.03M,281.27M,7.589B,1.270B,3.766B,15.29B,0.074M,10.99B,7.575B,11.07B,4.298B,3.497B,1.270B,1.457B,3.326B
ACN,2011-08,-134.38M,5.706B,4.959B,0,2.252B,0.95,0.91,1.132B,0,2.215B,2011-08,611.93M,8.006M,8.006M,785.23M,625.70M,0,922.94M,2.391B,935.40M,252.53M,7.174B,1.292B,3.879B,15.73B,0.074M,11.47B,7.907B,11.38B,4.260B,3.474B,1.292B,1.536B,4.622B
ACN,2011-05,-152.81M,5.261B,4.895B,0,2.185B,0.96,0.93,983.39M,0,2.310B,2011-05,628.01M,7.034M,7.034M,740.77M,616.15M,0,949.81M,2.251B,957.85M,258.78M,7.204B,1.360B,3.714B,14.90B,0.073M,11.15B,7.373B,10.73B,3.757B,3.355B,1.360B,1.538B,3.273B
