Ticker,Date,Accrued Comprehensive Inc,Cash and Short Term Investments,Cost of Goods Sold,Current Debt & Capital Lease Obligation,Current Deferred Liabilities,EPS Basic,EPS Diluted,Goodwill and Intangibles,Gross PP&E,Gross Profit,Income (Quarterly),Inventories,Net Income,Net Non-Operating Interest Income Expense,Net Operating Interest Income,Net PP&E,Non-Current Deferred Liabilities,Non-Current Portion of LTD and Capital Lease Obligation,Operating Income,Payables and Accrued Expenses,Pre-Tax Income,Provision for Income Taxes,Research and Development Expense,Revenue,SG&A Expense,Shareholders Equity,Total Assets,Total Capital Stock,Total Current Assets,Total Current Liabilities,Total Liabilities,Total Long Term Assets,Total Long Term Liabilities,Total Operating Expenses,Total Payables,Total Receivables
ADI,2021-01,-218.50M,1.048B,513.09M,399.22M,0,1.05,1.04,15.82B,3.945B,1.045B,2021-01,618.64M,388.52M,-42.27M,-42.27M,1.129B,1.862B,4.747B,464.30M,1.278B,436.62M,48.10M,288.15M,1.558B,185.28M,12.09B,21.44B,61.48M,2.625B,1.677B,9.352B,18.82B,7.676B,581.07M,375.61M,826.96M
ADI,2020-10,-249.46M,1.056B,503.21M,449.32M,0,1.05,1.04,15.93B,3.886B,1.023B,2020-10,608.26M,386.53M,-48.07M,-48.07M,1.121B,1.920B,5.145B,469.72M,946.72M,417.31M,30.78M,280.24M,1.526B,165.12M,12.00B,21.47B,61.58M,2.518B,1.365B,9.471B,18.95B,8.106B,553.36M,409.35M,737.54M
ADI,2020-07,-272.93M,1.090B,483.56M,448.94M,0,0.98,0.97,16.07B,3.853B,972.58M,2020-07,612.65M,362.66M,-45.41M,-45.41M,1.134B,1.961B,5.144B,450.95M,1.238B,373.03M,10.36M,260.79M,1.456B,153.75M,11.78B,21.60B,61.53M,2.485B,1.688B,9.822B,19.11B,8.134B,521.62M,365.27M,681.73M
ADI,2020-04,-277.00M,784.94M,470.39M,748.46M,0,0.73,0.72,16.18B,3.878B,846.67M,2020-04,590.27M,267.70M,-48.65M,-48.65M,1.189B,2.001B,5.142B,345.34M,1.133B,295.06M,27.36M,252.41M,1.317B,141.78M,11.59B,21.35B,61.40M,2.051B,1.582B,9.760B,19.30B,8.178B,501.33M,345.90M,588.24M
ADI,2020-01,-202.15M,654.41M,455.42M,299.67M,0,0.55,0.55,16.33B,3.843B,848.14M,2020-01,588.50M,203.87M,-46.87M,-46.87M,1.207B,2.103B,4.745B,284.56M,1.022B,226.22M,22.34M,257.07M,1.304B,199.28M,11.69B,21.38B,61.37M,1.911B,1.771B,9.687B,19.47B,7.917B,563.58M,330.08M,584.37M
ADI,2019-10,-187.80M,648.32M,501.03M,411.43M,0,0.75,0.74,16.47B,3.811B,942.19M,2019-10,609.89M,277.69M,-48.79M,-48.79M,1.220B,2.088B,5.192B,403.15M,901.70M,287.83M,10.13M,277.02M,1.443B,154.80M,11.71B,21.39B,61.38M,1.985B,1.509B,9.683B,19.41B,8.175B,539.04M,413.15M,635.14M
ADI,2019-07,-153.67M,612.16M,482.33M,374.16M,0,0.98,0.97,16.59B,3.760B,997.81M,2019-07,638.30M,362.37M,-57.25M,-57.25M,1.221B,2.217B,5.279B,447.65M,1.072B,389.56M,27.18M,280.10M,1.480B,162.82M,11.79B,21.57B,61.57M,2.007B,1.484B,9.776B,19.56B,8.293B,550.16M,394.15M,689.98M
ADI,2019-04,-96.02M,713.60M,492.51M,67.00M,0,0.99,0.98,16.74B,3.694B,1.034B,2019-04,608.08M,367.94M,-56.77M,-56.77M,1.211B,2.271B,5.612B,477.86M,990.87M,408.40M,40.46M,285.85M,1.527B,163.13M,11.74B,21.78B,61.63M,2.080B,1.365B,10.03B,19.70B,8.669B,556.24M,332.60M,685.98M
ADI,2019-01,-78.02M,605.86M,501.44M,0,0,0.96,0.95,16.89B,3.614B,1.040B,2019-01,593.21M,355.01M,-56.04M,-56.04M,1.182B,2.332B,6.235B,477.61M,849.96M,399.95M,44.94M,287.38M,1.541B,167.34M,11.59B,21.83B,61.39M,1.985B,849.96M,10.24B,19.84B,9.393B,562.05M,261.68M,713.73M
ADI,2018-10,-58.44M,816.59M,490.36M,0,0,1.08,1.07,17.03B,3.528B,1.046B,2018-10,586.76M,404.86M,-56.31M,-56.31M,1.154B,1.030B,6.266B,468.08M,729.82M,409.34M,4.481M,295.34M,1.536B,175.00M,11.27B,20.44B,61.69M,2.112B,1.052B,9.170B,18.33B,8.118B,577.68M,354.64M,639.72M
ADI,2018-07,-65.47M,772.58M,497.63M,22.50M,547.28M,1.1,1.08,17.17B,3.456B,1.061B,2018-07,563.64M,408.56M,-59.08M,-59.08M,1.108B,973.77M,6.533B,490.02M,769.10M,430.51M,21.95M,291.64M,1.558B,171.49M,10.86B,20.55B,61.95M,2.117B,1.339B,9.692B,18.43B,8.354B,570.54M,343.61M,710.75M
ADI,2018-04,-53.01M,806.52M,491.11M,56.00M,565.67M,1.08,1.06,17.32B,3.416B,1.072B,2018-04,551.22M,400.33M,-62.88M,-62.88M,1.115B,980.48M,6.926B,503.64M,811.20M,440.12M,39.80M,289.47M,1.564B,172.15M,10.59B,20.78B,61.82M,2.188B,1.433B,10.19B,18.59B,8.758B,568.75M,318.35M,759.56M
ADI,2018-01,-44.36M,827.55M,495.19M,50.00M,529.53M,0.79,0.78,17.41B,3.367B,1.072B,2018-01,559.72M,293.24M,-65.94M,-65.94M,1.115B,1.021B,7.385B,499.16M,657.02M,375.35M,82.11M,288.60M,1.567B,176.91M,10.35B,20.85B,61.64M,2.178B,1.237B,10.51B,18.68B,9.269B,572.52M,271.71M,709.76M
ADI,2017-10,-61.36M,1.048B,567.35M,300.00M,473.97M,1.2,1.19,17.54B,3.304B,1.113B,2017-10,550.82M,425.77M,-61.13M,-61.13M,1.107B,1.707B,7.551B,555.84M,551.04M,487.93M,62.16M,273.28M,1.680B,185.21M,10.16B,21.14B,61.44M,2.351B,1.596B,10.98B,18.79B,9.383B,556.83M,323.53M,688.95M
ADI,2017-07,-58.74M,908.57M,667.28M,4.321B,449.66M,0.18,0.18,17.68B,3.256B,766.62M,2017-07,519.70M,68.92M,-67.55M,-67.55M,1.099B,1.762B,8.199B,194.82M,651.41M,126.80M,57.88M,275.67M,1.434B,183.98M,9.923B,21.11B,61.28M,2.189B,1.101B,11.19B,18.93B,10.09B,571.80M,250.43M,692.55M
ADI,2017-04,-66.71M,6.188B,507.54M,0,377.79M,0.27,0.27,17.86B,3.201B,640.44M,2017-04,647.86M,93.56M,-59.22M,-59.22M,1.089B,2.459B,8.572B,145.84M,750.32M,86.71M,-6.85M,235.23M,1.148B,190.69M,9.967B,26.62B,61.17M,7.535B,5.449B,16.66B,19.09B,11.21B,494.61M,250.81M,630.35M
ADI,2017-01,-76.29M,6.317B,335.94M,0,356.67M,0.7,0.69,2.207B,2.701B,648.50M,2017-01,365.59M,217.13M,-32.61M,-32.61M,628.92M,128.94M,3.805B,315.73M,454.96M,233.31M,16.18M,183.95M,984.45M,130.66M,5.306B,10.20B,51.54M,7.234B,811.63M,4.897B,2.970B,4.085B,332.77M,162.00M,472.51M
ADI,2016-10,-73.81M,4.056B,336.94M,0,351.54M,0.96,0.95,2.228B,2.677B,666.69M,2016-10,376.56M,296.16M,-31.65M,-31.65M,636.12M,136.08M,1.732B,356.98M,319.39M,323.43M,27.28M,172.93M,1.004B,118.88M,5.166B,7.970B,51.36M,4.975B,782.93M,2.805B,2.995B,2.022B,309.71M,175.54M,477.61M
ADI,2016-07,-49.56M,3.803B,297.30M,0,327.44M,0.75,0.74,2.168B,2.663B,572.29M,2016-07,392.30M,230.43M,-12.81M,-12.81M,629.09M,159.59M,1.732B,268.71M,351.25M,256.40M,25.97M,163.23M,869.59M,122.91M,4.983B,7.685B,51.25M,4.728B,678.69M,2.702B,2.957B,2.023B,303.58M,162.81M,452.94M
ADI,2016-04,-43.72M,3.754B,267.86M,0,317.29M,0.55,0.55,2.188B,2.633B,510.90M,2016-04,399.46M,170.57M,-13.21M,-13.21M,626.16M,149.81M,1.731B,221.06M,367.31M,194.91M,24.34M,160.24M,778.77M,112.19M,4.874B,7.570B,51.23M,4.628B,684.60M,2.697B,2.942B,2.012B,289.84M,171.42M,398.98M
ADI,2016-01,-59.81M,3.789B,292.14M,374.59M,298.27M,0.53,0.52,2.196B,2.613B,477.29M,2016-01,404.85M,164.50M,-9.863M,-9.863M,633.36M,151.90M,1.731B,195.04M,295.83M,182.18M,17.67M,157.43M,769.43M,107.46M,4.995B,7.598B,51.67M,4.644B,594.10M,2.603B,2.954B,2.009B,282.25M,146.42M,375.09M
ADI,2015-10,-50.85M,3.029B,336.93M,374.75M,300.09M,0.31,0.31,2.220B,2.602B,641.80M,2015-10,412.31M,96.30M,-4.396M,-4.396M,644.11M,251.13M,495.34M,108.63M,280.67M,104.68M,8.372M,170.74M,978.72M,121.40M,5.073B,7.059B,52.01M,4.080B,1.114B,1.986B,2.979B,872.23M,533.17M,189.31M,466.53M
ADI,2015-07,-172.76M,3.100B,294.33M,374.66M,307.26M,0.69,0.68,2.242B,2.566B,569.04M,2015-07,424.48M,216.48M,-4.526M,-4.526M,631.27M,267.34M,498.45M,265.27M,375.75M,259.48M,43.00M,160.78M,863.36M,120.03M,5.065B,7.135B,52.28M,4.150B,1.058B,2.070B,2.985B,1.012B,303.77M,187.84M,451.51M
ADI,2015-04,-170.86M,3.075B,276.20M,1.995B,295.43M,0.66,0.65,2.265B,2.536B,544.82M,2015-04,394.49M,205.34M,-4.871M,-4.871M,629.66M,269.03M,498.40M,249.01M,398.13M,245.19M,39.85M,154.23M,821.02M,117.37M,4.964B,7.048B,52.26M,4.046B,1.068B,2.084B,3.003B,1.016B,295.81M,188.93M,408.51M
ADI,2015-01,-192.42M,2.873B,268.38M,0,278.23M,0.57,0.57,2.288B,2.497B,503.61M,2015-01,367.24M,178.76M,-4.612M,-4.612M,612.47M,262.65M,872.93M,207.93M,354.68M,200.77M,22.01M,151.71M,771.99M,120.17M,4.806B,6.821B,51.94M,3.803B,632.91M,2.015B,3.018B,1.382B,295.67M,141.14M,402.35M
ADI,2014-10,-168.53M,2.866B,328.21M,0,278.44M,0.35,0.34,2.314B,2.478B,486.04M,2014-10,367.93M,108.70M,-11.12M,-11.12M,622.42M,256.90M,872.79M,184.57M,329.31M,138.70M,30.00M,154.80M,814.25M,121.42M,4.758B,6.860B,51.87M,3.812B,709.06M,2.102B,3.048B,1.393B,301.47M,201.74M,396.60M
ADI,2014-07,-77.25M,4.932B,251.46M,0,285.83M,0.57,0.57,2.328B,2.453B,476.29M,2014-07,415.10M,180.61M,-4.736M,-4.736M,609.94M,296.24M,872.65M,202.55M,341.30M,197.39M,16.78M,140.10M,727.75M,132.99M,5.007B,8.973B,52.37M,5.924B,2.623B,3.966B,3.050B,1.344B,273.74M,183.32M,394.76M
ADI,2014-04,-76.45M,4.807B,235.79M,0,267.93M,0.6,0.59,315.78M,2.367B,458.74M,2014-04,298.43M,187.43M,-3.473M,-3.473M,545.48M,40.07M,872.52M,220.40M,303.27M,217.37M,29.94M,136.20M,694.54M,102.08M,4.932B,6.595B,52.36M,5.638B,571.20M,1.663B,956.92M,1.092B,238.34M,159.38M,360.85M
ADI,2014-01,-82.94M,4.701B,219.12M,0,245.24M,0.49,0.48,311.66M,2.330B,409.12M,2014-01,289.94M,152.59M,-3.287M,-3.287M,529.01M,35.55M,872.38M,182.29M,274.26M,175.89M,23.30M,128.59M,628.24M,98.18M,4.796B,6.399B,52.09M,5.471B,519.49M,1.604B,928.51M,1.084B,226.82M,135.30M,328.79M
ADI,2013-10,-80.55M,4.683B,233.26M,0,247.43M,0.65,0.63,312.66M,2.293B,444.87M,2013-10,283.34M,201.55M,-3.308M,-3.308M,508.17M,23.40M,872.24M,215.64M,251.99M,282.51M,80.96M,130.98M,678.13M,98.20M,4.740B,6.382B,51.84M,5.472B,570.51M,1.642B,909.32M,1.072B,229.23M,165.48M,325.14M
ADI,2013-07,-63.91M,4.450B,239.11M,14.50M,259.00M,0.57,0.56,309.20M,2.258B,435.06M,2013-07,284.34M,176.24M,-4.547M,-4.547M,492.42M,35.70M,872.10M,208.34M,232.81M,195.04M,18.80M,128.89M,674.17M,97.77M,4.643B,6.139B,51.78M,5.244B,491.81M,1.495B,894.14M,1.004B,226.72M,120.28M,345.44M
ADI,2013-04,-67.03M,4.172B,237.06M,14.50M,244.20M,0.53,0.52,311.59M,2.258B,422.20M,2013-04,298.97M,164.47M,-3.313M,-3.313M,490.05M,19.36M,757.86M,191.38M,264.96M,187.66M,23.19M,128.11M,659.25M,102.70M,4.461B,5.841B,51.36M,4.963B,509.16M,1.380B,877.82M,871.28M,230.81M,130.75M,333.92M
ADI,2013-01,-63.70M,3.987B,231.85M,14.50M,243.40M,0.43,0.42,313.08M,2.244B,390.28M,2013-01,307.26M,131.22M,-3.181M,-3.181M,491.43M,30.03M,759.67M,167.56M,265.14M,150.11M,18.89M,125.16M,622.13M,97.56M,4.324B,5.717B,51.00M,4.814B,508.54M,1.393B,902.87M,884.48M,222.72M,142.08M,329.58M
ADI,2012-10,-64.39M,3.900B,251.68M,14.50M,238.54M,0.6,0.59,312.60M,2.228B,443.28M,2012-10,313.72M,179.19M,-2.764M,-2.764M,500.87M,29.56M,807.10M,215.28M,190.01M,212.52M,33.34M,130.23M,694.96M,97.61M,4.165B,5.620B,50.23M,4.696B,525.08M,1.455B,924.16M,929.91M,228.00M,123.13M,339.88M
ADI,2012-07,-34.75M,3.765B,235.15M,14.50M,246.67M,0.57,0.56,308.19M,2.211B,447.87M,2012-07,312.08M,169.77M,-2.953M,-2.953M,490.58M,1.524M,842.54M,218.31M,247.37M,209.47M,39.70M,129.69M,683.03M,99.87M,4.029B,5.457B,49.82M,4.561B,508.54M,1.428B,895.34M,919.47M,229.57M,119.64M,345.80M
ADI,2012-04,-33.22M,3.753B,234.64M,14.50M,244.15M,0.55,0.53,309.09M,2.185B,440.46M,2012-04,303.74M,162.90M,-2.923M,-2.923M,478.96M,29.94M,847.98M,212.93M,299.92M,211.45M,48.56M,127.54M,675.09M,99.99M,3.925B,5.412B,49.72M,4.523B,558.57M,1.487B,889.96M,928.78M,227.53M,150.74M,330.28M
ADI,2012-01,-31.42M,3.667B,238.67M,14.50M,227.26M,0.47,0.46,286.34M,2.160B,409.39M,2012-01,297.16M,139.38M,-3.334M,-3.334M,475.69M,29.44M,855.66M,185.97M,256.29M,180.09M,40.70M,124.38M,648.06M,99.04M,3.842B,5.278B,49.64M,4.395B,498.06M,1.435B,882.67M,937.34M,223.42M,131.54M,302.00M
ADI,2011-10,-26.17M,3.592B,255.62M,0,233.25M,0.62,0.6,287.29M,2.137B,460.51M,2011-10,295.08M,183.53M,-3.896M,-3.896M,478.84M,27.69M,871.88M,237.53M,215.43M,231.00M,47.47M,123.89M,716.13M,99.09M,3.795B,5.278B,49.66M,4.386B,525.00M,1.482B,891.29M,957.22M,222.98M,119.64M,348.42M
ADI,2011-07,-29.66M,3.515B,248.26M,0,277.53M,0.73,0.71,293.34M,2.126B,509.64M,2011-07,299.33M,219.94M,-3.764M,-3.764M,481.60M,28.17M,875.77M,278.84M,264.26M,274.87M,54.94M,128.48M,757.90M,102.32M,3.716B,5.251B,49.91M,4.339B,556.29M,1.536B,912.25M,979.38M,230.80M,123.24M,375.01M
ADI,2011-04,-26.71M,3.431B,256.57M,0,269.53M,0.81,0.78,261.28M,2.100B,534.21M,2011-04,293.78M,241.83M,-1.881M,-1.881M,473.66M,27.46M,892.43M,298.49M,304.13M,296.76M,54.93M,130.46M,790.78M,105.27M,3.582B,5.160B,49.94M,4.293B,588.16M,1.578B,867.66M,990.24M,235.73M,123.45M,414.58M
