Ticker,Date,Accrued Comprehensive Inc,Cash and Short Term Investments,Cost of Goods Sold,Current Debt & Capital Lease Obligation,Current Deferred Liabilities,EPS Basic,EPS Diluted,Goodwill and Intangibles,Gross PP&E,Gross Profit,Income (Quarterly),Inventories,Net Income,Net Non-Operating Interest Income Expense,Net Operating Interest Income,Net PP&E,Non-Current Deferred Liabilities,Non-Current Portion of LTD and Capital Lease Obligation,Operating Income,Payables and Accrued Expenses,Pre-Tax Income,Provision for Income Taxes,Revenue,Shareholders Equity,Total Assets,Total Capital Stock,Total Current Assets,Total Current Liabilities,Total Liabilities,Total Long Term Assets,Total Long Term Liabilities,Total Operating Expenses,Total Payables,Total Receivables
AEE,2020-12,-1.00M,139.00M,730.00M,498.00M,109.00M,0.47,0.46,411.00M,40.58B,598.00M,2020-12,521.00M,115.00M,-129.00M,-129.00M,26.81B,3.677B,11.08B,211.00M,1.072B,137.00M,21.00M,1.328B,8.938B,32.03B,3.00M,1.653B,2.18B,22.95B,30.38B,20.77B,387.00M,958.00M,749.00M
AEE,2020-09,-15.00M,6.00M,733.00M,629.00M,126.00M,1.48,1.47,411.00M,37.38B,895.00M,2020-09,557.00M,367.00M,-103.00M,-103.00M,25.54B,3.589B,10.17B,494.00M,839.00M,432.00M,63.00M,1.628B,8.489B,30.52B,2.00M,1.59B,2.105B,21.89B,28.93B,19.78B,401.00M,839.00M,817.00M
AEE,2020-06,-16.00M,8.00M,654.00M,477.00M,111.00M,0.99,0.98,411.00M,35.08B,744.00M,2020-06,514.00M,243.00M,-101.00M,-101.00M,25.08B,3.49B,10.17B,354.00M,876.00M,294.00M,50.00M,1.398B,8.227B,30.02B,2.00M,1.62B,2.00B,21.65B,28.40B,19.65B,390.00M,758.00M,885.00M
AEE,2020-03,-16.00M,42.00M,819.00M,972.00M,126.00M,0.59,0.59,411.00M,0,621.00M,2020-03,471.00M,146.00M,-86.00M,-86.00M,24.68B,3.43B,9.378B,241.00M,544.00M,169.00M,21.00M,1.44B,8.085B,29.27B,2.00M,1.464B,2.367B,21.04B,27.81B,18.68B,380.00M,544.00M,733.00M
AEE,2019-12,-17.00M,16.00M,781.00M,882.00M,0,0.38,0.38,411.00M,0,535.00M,2019-12,494.00M,94.00M,-116.00M,-116.00M,24.38B,3.386B,8.915B,179.00M,968.00M,119.00M,24.00M,1.316B,8.059B,28.93B,2.00M,1.431B,2.505B,20.73B,27.50B,18.23B,356.00M,874.00M,734.00M
AEE,2019-09,-21.00M,20.00M,760.00M,880.00M,0,1.48,1.47,411.00M,0,899.00M,2019-09,488.00M,364.00M,-88.00M,-88.00M,23.89B,3.368B,8.651B,520.00M,762.00M,458.00M,92.00M,1.659B,8.062B,28.55B,2.00M,1.495B,2.285B,20.34B,27.05B,18.06B,379.00M,762.00M,807.00M
AEE,2019-06,-21.00M,6.00M,732.00M,1.335B,0,0.73,0.72,411.00M,0,647.00M,2019-06,433.00M,179.00M,-88.00M,-88.00M,23.48B,3.222B,8.222B,280.00M,593.00M,219.00M,39.00M,1.379B,7.791B,28.10B,2.00M,1.514B,2.752B,20.17B,26.59B,17.42B,367.00M,593.00M,878.00M
AEE,2019-03,-21.00M,8.00M,894.00M,1.135B,0,0.78,0.78,411.00M,0,662.00M,2019-03,402.00M,191.00M,-89.00M,-89.00M,23.04B,3.13B,8.221B,288.00M,684.00M,220.00M,27.00M,1.556B,7.705B,27.51B,2.00M,1.422B,2.392B,19.66B,26.09B,17.27B,374.00M,603.00M,829.00M
AEE,2018-12,-22.00M,16.00M,902.00M,1.177B,0,0.28,0.28,411.00M,0,517.00M,2018-12,483.00M,68.00M,-124.00M,-124.00M,22.81B,3.074B,7.859B,166.00M,817.00M,85.00M,16.00M,1.419B,7.631B,27.22B,2.00M,1.533B,2.687B,19.44B,25.68B,16.76B,351.00M,817.00M,837.00M
AEE,2018-09,-17.00M,11.00M,823.00M,1.17B,0,1.46,1.45,411.00M,0,901.00M,2018-09,525.00M,357.00M,-93.00M,-93.00M,22.38B,3.146B,7.614B,533.00M,853.00M,464.00M,105.00M,1.724B,7.656B,26.96B,2.00M,1.64B,2.58B,19.16B,25.32B,16.58B,368.00M,745.00M,949.00M
AEE,2018-06,-19.00M,29.00M,818.00M,1.353B,114.00M,0.98,0.97,411.00M,33.10B,745.00M,2018-06,475.00M,239.00M,-91.00M,-91.00M,22.00B,3.061B,7.613B,385.00M,813.00M,314.00M,74.00M,1.563B,7.386B,26.64B,2.00M,1.685B,2.711B,19.11B,24.95B,16.40B,360.00M,704.00M,1.005B
AEE,2018-03,-17.00M,30.00M,953.00M,2.13B,115.00M,0.62,0.62,411.00M,31.07B,632.00M,2018-03,453.00M,151.00M,-93.00M,-93.00M,21.67B,3.056B,6.766B,273.00M,685.00M,195.00M,42.00M,1.585B,7.23B,26.08B,2.00M,1.567B,3.345B,18.71B,24.51B,15.36B,359.00M,588.00M,870.00M
AEE,2017-12,-18.00M,10.00M,846.00M,1.325B,108.00M,-0.24,-0.24,411.00M,0,553.00M,2017-12,522.00M,-60.00M,-87.00M,-87.00M,21.47B,3.015B,7.094B,212.00M,1.053B,141.00M,200.00M,1.399B,7.184B,25.94B,2.00M,1.612B,2.94B,18.62B,24.33B,15.68B,341.00M,954.00M,838.00M
AEE,2017-09,-21.00M,9.00M,800.00M,1.223B,108.00M,1.19,1.18,411.00M,0,923.00M,2017-09,547.00M,288.00M,-90.00M,-90.00M,20.91B,5.24B,6.922B,569.00M,813.00M,495.00M,205.00M,1.723B,7.345B,25.62B,2.00M,1.581B,2.581B,18.13B,24.04B,15.55B,354.00M,707.00M,854.00M
AEE,2017-06,-21.00M,10.00M,811.00M,1.47B,108.00M,0.79,0.79,411.00M,0,726.00M,2017-06,512.00M,193.00M,-90.00M,-90.00M,20.59B,4.973B,6.821B,387.00M,748.00M,308.00M,114.00M,1.537B,7.158B,25.25B,2.00M,1.571B,2.765B,17.95B,23.68B,15.19B,339.00M,644.00M,857.00M
AEE,2017-03,-23.00M,8.00M,934.00M,1.595B,106.00M,0.42,0.42,411.00M,0,581.00M,2017-03,467.00M,102.00M,-90.00M,-90.00M,20.30B,4.855B,6.597B,242.00M,637.00M,161.00M,57.00M,1.515B,7.064B,24.81B,2.00M,1.45B,2.762B,17.60B,23.36B,14.84B,339.00M,537.00M,752.00M
AEE,2016-12,-23.00M,9.00M,944.00M,1.239B,107.00M,0.13,0.13,411.00M,0,412.00M,2016-12,527.00M,32.00M,-86.00M,-86.00M,20.11B,4.796B,6.595B,86.00M,944.00M,59.00M,26.00M,1.356B,7.103B,24.70B,2.00M,1.593B,2.674B,17.45B,23.11B,14.78B,326.00M,851.00M,795.00M
AEE,2016-09,-2.00M,18.00M,828.00M,1.039B,104.00M,1.52,1.52,411.00M,0,1.031B,2016-09,551.00M,369.00M,-87.00M,-87.00M,19.65B,4.792B,6.607B,691.00M,782.00M,604.00M,233.00M,1.859B,7.193B,24.13B,2.00M,1.599B,2.291B,16.80B,22.54B,14.51B,340.00M,672.00M,832.00M
AEE,2016-06,-1.00M,13.00M,777.00M,1.209B,100.00M,0.61,0.61,411.00M,0,650.00M,2016-06,515.00M,147.00M,-85.00M,-85.00M,19.32B,4.575B,6.605B,325.00M,725.00M,240.00M,92.00M,1.427B,6.922B,23.79B,2.00M,1.594B,2.43B,16.73B,22.20B,14.30B,325.00M,623.00M,838.00M
AEE,2016-03,-5.00M,13.00M,893.00M,716.00M,98.00M,0.43,0.43,411.00M,0,541.00M,2016-03,483.00M,105.00M,-84.00M,-84.00M,19.00B,4.517B,6.881B,220.00M,605.00M,138.00M,31.00M,1.434B,6.869B,23.38B,2.00M,1.458B,1.839B,16.37B,21.93B,14.54B,321.00M,506.00M,670.00M
AEE,2015-12,-3.00M,292.00M,862.00M,696.00M,100.00M,0.12,0.12,411.00M,29.15B,446.00M,2015-12,538.00M,29.00M,-82.00M,-82.00M,18.80B,4.476B,6.88B,140.00M,909.00M,61.00M,30.00M,1.308B,6.946B,23.64B,2.00M,1.917B,2.093B,16.55B,21.72B,14.46B,306.00M,820.00M,725.00M
AEE,2015-09,-5.00M,72.00M,878.00M,1.178B,106.00M,1.42,1.41,411.00M,27.18B,955.00M,2015-09,548.00M,343.00M,-76.00M,-76.00M,18.31B,4.676B,5.981B,626.00M,788.00M,553.00M,208.00M,1.833B,7.014B,23.46B,2.00M,1.983B,2.489B,16.30B,21.48B,13.81B,329.00M,685.00M,855.00M
AEE,2015-06,-5.00M,2.00M,779.00M,1.281B,0,0.61,0.61,411.00M,24.85B,622.00M,2015-06,500.00M,150.00M,-79.00M,-79.00M,17.99B,4.519B,5.981B,237.00M,710.00M,158.00M,59.00M,1.401B,6.764B,23.15B,2.00M,1.991B,2.556B,16.25B,21.16B,13.69B,385.00M,612.00M,870.00M
AEE,2015-03,-9.00M,6.00M,982.00M,1.335B,0,0.45,0.45,411.00M,0,574.00M,2015-03,449.00M,108.00M,-77.00M,-77.00M,17.70B,4.553B,5.86B,256.00M,607.00M,176.00M,66.00M,1.556B,6.704B,22.88B,2.00M,1.993B,2.52B,16.04B,20.89B,13.52B,318.00M,513.00M,836.00M
AEE,2014-12,-9.00M,5.00M,945.00M,834.00M,0,0.2,0.2,411.00M,0,425.00M,2014-12,524.00M,48.00M,-66.00M,-66.00M,17.42B,4.149B,6.085B,125.00M,842.00M,67.00M,20.00M,1.37B,6.713B,22.29B,2.00M,1.694B,2.249B,15.43B,20.60B,13.18B,300.00M,757.00M,769.00M
AEE,2014-09,6.00M,13.00M,801.00M,872.00M,0,1.21,1.2,431.00M,0,869.00M,2014-09,561.00M,293.00M,-76.00M,-76.00M,16.99B,4.426B,5.825B,561.00M,732.00M,490.00M,194.00M,1.67B,6.774B,21.88B,2.00M,1.942B,2.119B,14.96B,19.93B,12.84B,308.00M,627.00M,787.00M
AEE,2014-06,6.00M,46.00M,800.00M,912.00M,0,0.61,0.61,430.00M,0,619.00M,2014-06,491.00M,149.00M,-80.00M,-80.00M,16.73B,4.11B,5.825B,322.00M,799.00M,250.00M,99.00M,1.419B,6.572B,21.59B,2.00M,1.965B,2.312B,14.87B,19.62B,12.56B,297.00M,707.00M,966.00M
AEE,2014-03,3.00M,26.00M,1.04B,1.348B,0,0.4,0.4,428.00M,0,554.00M,2014-03,424.00M,96.00M,-83.00M,-83.00M,16.42B,3.956B,5.226B,246.00M,752.00M,163.00M,64.00M,1.594B,6.513B,21.17B,2.00M,1.84B,2.725B,14.51B,19.33B,11.79B,308.00M,648.00M,990.00M
AEE,2013-12,3.00M,30.00M,869.00M,902.00M,0,0.15,0.15,411.00M,0,453.00M,2013-12,526.00M,37.00M,-103.00M,-103.00M,16.20B,3.851B,5.504B,171.00M,947.00M,72.00M,23.00M,1.322B,6.544B,21.04B,2.00M,1.972B,2.461B,14.36B,19.07B,11.90B,282.00M,861.00M,904.00M
AEE,2013-09,-19.00M,169.00M,775.00M,884.00M,0,1.25,1.24,430.00M,0,863.00M,2013-09,581.00M,302.00M,-79.00M,-79.00M,15.83B,4.021B,5.274B,567.00M,693.00M,494.00M,187.00M,1.638B,6.574B,22.38B,2.00M,3.273B,3.228B,15.66B,19.11B,12.43B,296.00M,573.00M,804.00M
AEE,2013-06,-9.00M,150.00M,853.00M,909.00M,110.00M,0.39,0.39,429.00M,23.69B,550.00M,2013-06,511.00M,95.00M,-92.00M,-92.00M,15.60B,4.00B,5.274B,261.00M,651.00M,172.00M,66.00M,1.403B,6.374B,22.28B,2.00M,3.408B,3.286B,15.75B,18.87B,12.46B,289.00M,551.00M,808.00M
AEE,2013-03,-15.00M,161.00M,993.00M,355.00M,110.00M,-0.6,-0.6,427.00M,27.56B,482.00M,2013-03,461.00M,-145.00M,-94.00M,-94.00M,15.41B,3.896B,5.803B,185.00M,543.00M,91.00M,35.00M,1.475B,6.365B,21.95B,2.00M,3.296B,2.577B,15.44B,18.66B,12.86B,297.00M,432.00M,811.00M
AEE,2012-12,-8.00M,184.00M,867.00M,355.00M,107.00M,-4.76,-4.76,425.00M,0,391.00M,2012-12,570.00M,-1.156B,-90.00M,-90.00M,15.35B,3.899B,5.802B,108.00M,671.00M,19.00M,9.00M,1.258B,6.616B,22.23B,2.00M,3.596B,2.686B,15.46B,18.63B,12.78B,283.00M,582.00M,716.00M
AEE,2012-09,2.00M,298.00M,856.00M,211.00M,96.00M,1.54,1.54,425.00M,0,853.00M,2012-09,756.00M,374.00M,-92.00M,-92.00M,17.83B,4.022B,6.781B,578.00M,766.00M,490.00M,179.00M,1.709B,7.874B,23.50B,2.00M,2.406B,1.546B,15.47B,21.09B,13.93B,275.00M,621.00M,870.00M
AEE,2012-06,-30.00M,117.00M,780.00M,209.00M,97.00M,0.87,0.87,423.00M,0,622.00M,2012-06,686.00M,211.00M,-87.00M,-87.00M,17.69B,3.838B,6.678B,344.00M,733.00M,258.00M,96.00M,1.402B,7.555B,22.98B,2.00M,2.154B,1.603B,15.28B,20.83B,13.68B,278.00M,620.00M,860.00M
AEE,2012-03,-35.00M,208.00M,974.00M,305.00M,98.00M,-1.66,-1.66,420.00M,0,438.00M,2012-03,625.00M,-403.00M,-91.00M,-91.00M,17.54B,3.755B,6.677B,158.00M,616.00M,62.00M,23.00M,1.412B,7.432B,22.90B,2.00M,2.124B,1.614B,15.32B,20.78B,13.71B,280.00M,467.00M,743.00M
AEE,2011-12,-50.00M,255.00M,1.524B,327.00M,98.00M,0.1,0.1,418.00M,0,-1.329B,2011-12,712.00M,25.00M,-20.00M,-20.00M,18.13B,3.841B,6.677B,-97.00M,859.00M,-102.00M,-39.00M,195.00M,7.919B,23.64B,2.00M,2.295B,1.785B,15.58B,21.35B,13.79B,-1.232B,758.00M,866.00M
AEE,2011-09,-25.00M,522.00M,845.00M,528.00M,98.00M,1.18,1.18,417.00M,0,1.423B,2011-09,734.00M,285.00M,-113.00M,-113.00M,17.87B,3.849B,6.682B,674.00M,730.00M,450.00M,163.00M,2.268B,7.997B,23.36B,2.00M,2.68B,1.848B,15.20B,20.68B,13.36B,749.00M,571.00M,1.014B
AEE,2011-06,-21.00M,378.00M,687.00M,342.00M,100.00M,0.57,0.57,415.00M,0,1.094B,2011-06,654.00M,138.00M,-104.00M,-104.00M,17.94B,3.689B,7.054B,318.00M,728.00M,224.00M,85.00M,1.781B,7.788B,23.39B,2.00M,2.603B,1.727B,15.45B,20.79B,13.72B,776.00M,621.00M,1.124B
AEE,2011-03,-20.00M,573.00M,894.00M,489.00M,100.00M,0.29,0.29,418.00M,0,1.01B,2011-03,572.00M,71.00M,-119.00M,-119.00M,17.89B,3.579B,7.123B,227.00M,688.00M,119.00M,45.00M,1.904B,7.725B,23.33B,2.00M,2.715B,1.837B,15.45B,20.61B,13.61B,783.00M,535.00M,1.118B
