Ticker,Date,Accrued Comprehensive Inc,Cash and Short Term Investments,Cost of Goods Sold,Current Debt & Capital Lease Obligation,Current Deferred Liabilities,EPS Basic,EPS Diluted,Goodwill and Intangibles,Gross PP&E,Gross Profit,Income (Quarterly),Inventories,Net Income,Net Non-Operating Interest Income Expense,Net Operating Interest Income,Net PP&E,Non-Current Deferred Liabilities,Non-Current Portion of LTD and Capital Lease Obligation,Operating Income,Payables and Accrued Expenses,Pre-Tax Income,Provision for Income Taxes,Revenue,Shareholders Equity,Total Assets,Total Capital Stock,Total Current Assets,Total Current Liabilities,Total Liabilities,Total Long Term Assets,Total Long Term Liabilities,Total Operating Expenses,Total Payables,Total Receivables
AEP,2021-03,-30.80M,472.30M,1.836B,5.419B,331.00M,1.16,1.15,52.50M,86.43B,2.446B,2021-03,1.272B,575.00M,-290.20M,-290.20M,65.52B,9.084B,30.84B,810.30M,3.426B,604.80M,54.50M,4.281B,20.97B,82.99B,3.376B,4.258B,10.22B,61.77B,78.73B,51.54B,1.635B,3.102B,2.046B
AEP,2020-12,-85.10M,593.50M,1.333B,4.807B,335.60M,0.88,0.87,52.50M,85.18B,2.277B,2020-12,1.31B,435.50M,-288.30M,-288.30M,64.77B,8.969B,29.62B,570.20M,3.454B,389.70M,-17.40M,3.611B,20.55B,80.76B,3.359B,4.352B,9.927B,59.98B,76.41B,50.06B,1.707B,3.186B,2.028B
AEP,2020-09,-135.40M,618.70M,1.438B,4.545B,339.70M,1.51,1.5,52.50M,83.78B,2.628B,2020-09,1.267B,748.60M,-291.30M,-291.30M,63.67B,8.806B,28.85B,943.20M,2.933B,732.30M,-1.20M,4.066B,20.37B,78.69B,3.358B,4.338B,9.047B,58.05B,74.35B,49.01B,1.685B,2.602B,1.851B
AEP,2020-06,-172.90M,541.10M,1.208B,5.451B,356.50M,1.05,1.05,52.50M,82.62B,2.286B,2020-06,1.280B,520.80M,-294.00M,-294.00M,62.84B,8.527B,27.33B,722.70M,3.102B,507.90M,12.60M,3.494B,20.01B,77.80B,3.355B,4.273B,10.12B,57.53B,73.53B,47.40B,1.563B,2.840B,1.792B
AEP,2020-03,-216.50M,1.740B,1.400B,6.808B,361.00M,1,1,52.50M,81.34B,2.347B,2020-03,1.196B,495.20M,-292.10M,-292.10M,61.98B,8.378B,26.52B,751.60M,3.157B,516.20M,46.50M,3.748B,19.73B,77.72B,3.350B,5.292B,11.65B,57.72B,72.43B,46.06B,1.595B,2.849B,1.742B
AEP,2019-12,-147.70M,449.50M,1.460B,4.671B,366.10M,0.31,0.31,52.50M,80.10B,2.156B,2019-12,1.169B,153.50M,-290.90M,-290.90M,61.10B,8.308B,25.86B,451.10M,3.687B,88.10M,-43.60M,3.616B,19.63B,75.89B,3.343B,4.078B,10.30B,55.98B,71.81B,45.68B,1.705B,3.444B,1.791B
AEP,2019-09,-187.90M,547.20M,1.683B,4.066B,381.40M,1.49,1.48,52.50M,78.44B,2.632B,2019-09,1.051B,733.50M,-275.10M,-275.10M,59.68B,8.218B,25.35B,958.20M,2.955B,759.30M,40.60M,4.315B,19.72B,73.90B,3.342B,4.166B,8.611B,53.90B,69.73B,45.29B,1.674B,2.650B,1.825B
AEP,2019-06,-230.70M,386.20M,1.490B,3.764B,382.10M,0.93,0.93,52.50M,76.66B,2.083B,2019-06,1.034B,461.30M,-250.70M,-250.70M,58.22B,8.057B,24.97B,551.00M,2.976B,387.30M,-54.40M,3.574B,19.26B,72.55B,3.341B,4.061B,8.357B,53.13B,68.49B,44.77B,1.532B,2.735B,1.781B
AEP,2019-03,-150.70M,396.60M,1.687B,3.615B,400.40M,1.16,1.16,52.50M,75.20B,2.370B,2019-03,946.60M,572.80M,-255.80M,-255.80M,57.01B,7.991B,23.76B,788.40M,2.960B,600.10M,44.50M,4.057B,19.20B,70.72B,3.339B,3.915B,7.991B,51.49B,66.81B,43.50B,1.582B,2.654B,1.882B
AEP,2018-12,-120.40M,393.20M,1.662B,3.608B,412.20M,0.73,0.73,52.50M,73.09B,2.139B,2018-12,921.10M,363.40M,-251.30M,-251.30M,55.10B,7.869B,21.65B,621.70M,3.324B,368.80M,21.80M,3.801B,19.03B,68.80B,3.337B,4.114B,8.649B,49.74B,64.69B,41.09B,1.517B,3.092B,1.926B
AEP,2018-09,-86.00M,952.40M,1.942B,4.147B,372.50M,1.17,1.17,52.50M,71.20B,2.391B,2018-09,847.90M,577.60M,-256.80M,-256.80M,53.36B,7.918B,20.87B,668.60M,2.654B,480.90M,-80.70M,4.333B,19.02B,67.62B,3.336B,4.692B,8.426B,48.57B,62.92B,40.14B,1.723B,2.354B,2.118B
AEP,2018-06,-94.80M,374.30M,1.640B,4.871B,369.00M,1.07,1.07,52.50M,70.01B,2.374B,2018-06,915.60M,528.40M,-242.30M,-242.30M,52.44B,7.957B,19.75B,757.00M,2.814B,583.60M,72.20M,4.013B,18.72B,66.87B,3.335B,4.570B,9.058B,48.12B,62.30B,39.06B,1.617B,2.579B,2.271B
AEP,2018-03,-95.40M,351.30M,1.791B,5.275B,365.50M,0.92,0.92,52.50M,68.80B,2.258B,2018-03,922.80M,454.40M,-234.00M,-234.00M,51.37B,7.752B,18.84B,706.00M,2.804B,540.20M,102.00M,4.048B,18.48B,65.61B,3.333B,4.135B,9.471B,47.10B,61.47B,37.63B,1.552B,2.531B,1.852B
AEP,2017-12,-67.80M,376.30M,1.573B,3.392B,357.00M,0.82,0.81,52.50M,67.43B,2.238B,2017-12,953.20M,400.70M,-239.70M,-239.70M,50.26B,7.645B,19.42B,818.00M,3.415B,554.40M,171.90M,3.810B,18.29B,64.73B,3.329B,4.253B,8.271B,46.42B,60.48B,38.14B,1.420B,3.181B,1.891B
AEP,2017-09,-175.40M,654.60M,1.694B,3.419B,346.60M,1.11,1.1,52.50M,65.44B,2.410B,2017-09,916.50M,544.70M,-220.90M,-220.90M,48.32B,13.47B,18.36B,975.10M,2.514B,800.60M,264.00M,4.105B,18.07B,63.96B,3.328B,4.068B,7.322B,45.86B,59.90B,38.54B,1.435B,2.254B,1.741B
AEP,2017-06,-161.60M,490.00M,1.482B,4.607B,344.00M,0.76,0.76,52.50M,64.13B,2.095B,2017-06,982.20M,375.00M,-220.60M,-220.60M,47.23B,13.10B,16.80B,733.40M,2.377B,550.80M,190.60M,3.576B,17.82B,62.74B,3.328B,3.809B,8.392B,44.89B,58.93B,36.50B,1.362B,2.160B,1.662B
AEP,2017-03,-171.00M,450.00M,1.709B,4.050B,342.00M,1.2,1.2,52.50M,62.91B,2.225B,2017-03,955.30M,592.20M,-213.80M,-213.80M,46.24B,12.71B,16.72B,859.20M,2.435B,910.40M,343.20M,3.933B,17.69B,61.73B,3.328B,3.616B,7.914B,44.02B,58.11B,36.10B,1.365B,2.195B,1.711B
AEP,2016-12,-156.30M,349.20M,1.747B,4.591B,343.20M,0.76,0.76,52.50M,62.04B,2.043B,2016-12,967.30M,373.40M,-200.20M,-200.20M,45.64B,12.66B,17.38B,535.60M,2.964B,407.10M,60.30M,3.790B,17.40B,63.47B,3.328B,6.034B,9.498B,46.05B,57.43B,36.55B,1.508B,2.736B,1.917B
AEP,2016-09,-145.80M,491.40M,1.940B,3.863B,341.60M,-1.56,-1.56,52.50M,60.60B,2.712B,2016-09,1.025B,-765.80M,-223.30M,-223.30M,44.26B,12.52B,17.32B,1.137B,2.237B,-1.324B,-534.50M,4.652B,17.32B,61.44B,3.328B,5.949B,7.779B,44.10B,55.49B,36.32B,1.575B,2.006B,2.095B
AEP,2016-06,-117.90M,553.70M,1.599B,4.067B,335.80M,1.02,1.02,52.50M,67.08B,2.294B,2016-06,1.362B,502.10M,-222.50M,-222.50M,47.44B,13.17B,17.54B,866.20M,2.283B,678.80M,165.00M,3.893B,18.39B,63.32B,3.328B,4.439B,7.870B,44.91B,58.88B,37.04B,1.428B,2.056B,2.088B
AEP,2016-03,-133.80M,454.90M,1.686B,3.254B,358.10M,1.02,1.02,52.50M,66.43B,2.359B,2016-03,1.352B,501.20M,-214.90M,-214.90M,46.83B,13.01B,17.75B,892.90M,2.357B,713.60M,235.50M,4.045B,18.13B,62.49B,3.325B,4.146B,7.222B,44.34B,58.34B,37.12B,1.466B,2.119B,1.876B
AEP,2015-12,-127.10M,563.20M,1.678B,2.632B,346.60M,0.95,0.95,52.50M,65.48B,1.937B,2015-12,1.339B,469.60M,-214.00M,-214.00M,46.13B,12.62B,17.74B,466.40M,2.624B,293.00M,92.50M,3.615B,17.89B,61.68B,3.324B,4.072B,7.108B,43.78B,57.61B,36.67B,1.470B,2.397B,1.640B
AEP,2015-09,-109.00M,493.00M,1.998B,2.608B,335.00M,1.06,1.06,53.00M,64.83B,2.433B,2015-09,1.105B,518.30M,-218.60M,-218.60M,45.24B,12.29B,17.60B,960.20M,2.258B,776.00M,275.60M,4.431B,17.70B,61.10B,3.322B,4.548B,7.058B,43.39B,56.55B,36.33B,1.473B,2.022B,1.853B
AEP,2015-06,-102.00M,551.00M,1.682B,2.922B,335.00M,0.88,0.88,91.00M,64.60B,2.145B,2015-06,1.16B,430.00M,-216.10M,-216.10M,45.01B,12.51B,17.76B,804.10M,2.217B,630.30M,224.30M,3.827B,17.43B,60.94B,3.321B,4.225B,6.65B,43.50B,56.71B,36.85B,1.340B,1.985B,1.92B
AEP,2015-03,-103.00M,483.00M,2.075B,3.306B,335.00M,1.29,1.29,91.00M,65.31B,2.505B,2015-03,1.192B,629.20M,-217.30M,-217.30M,44.81B,12.25B,16.78B,1.103B,2.356B,923.60M,327.20M,4.580B,17.24B,60.04B,3.317B,4.116B,7.128B,42.79B,55.92B,35.66B,1.402B,2.129B,1.889B
AEP,2014-12,-103.10M,548.10M,1.906B,3.846B,323.90M,0.39,0.39,52.50M,63.61B,1.914B,2014-12,1.317B,190.80M,-215.60M,-215.60M,43.64B,11.79B,16.01B,430.40M,2.36B,254.90M,119.60M,3.820B,16.82B,59.54B,3.313B,4.478B,7.967B,42.72B,55.07B,34.75B,1.484B,2.122B,1.835B
AEP,2014-09,-105.00M,512.00M,1.842B,3.663B,315.00M,1.01,1.01,91.00M,63.12B,2.319B,2014-09,1.205B,493.00M,-216.00M,-216.00M,43.06B,11.62B,15.68B,905.00M,2.247B,723.00M,264.00M,4.161B,16.87B,57.92B,3.312B,4.111B,7.457B,41.05B,53.81B,33.60B,1.414B,2.028B,1.855B
AEP,2014-06,-104.00M,567.00M,1.856B,4.006B,306.00M,0.8,0.8,91.00M,62.06B,2.188B,2014-06,1.219B,390.00M,-218.00M,-218.00M,42.27B,11.56B,15.60B,767.00M,2.16B,583.00M,215.00M,4.044B,16.58B,57.62B,3.308B,4.323B,7.60B,41.04B,53.30B,33.44B,1.421B,1.92B,1.926B
AEP,2014-03,-109.00M,602.00M,2.098B,2.944B,302.00M,1.15,1.15,91.00M,61.09B,2.55B,2014-03,1.214B,560.00M,-219.00M,-219.00M,41.53B,11.41B,16.48B,1.041B,2.236B,850.00M,307.00M,4.648B,16.42B,57.04B,3.305B,4.335B,6.519B,40.62B,52.70B,34.10B,1.509B,2.016B,1.943B
AEP,2013-12,-115.00M,471.00M,1.673B,2.306B,299.00M,0.71,0.71,91.00M,60.28B,1.556B,2013-12,1.423B,346.50M,-202.10M,-202.10M,41.00B,11.27B,16.83B,573.90M,2.333B,475.30M,157.70M,3.230B,16.08B,56.41B,3.303B,4.31B,6.112B,40.33B,52.10B,34.22B,982.30M,2.088B,1.86B
AEP,2013-09,-306.00M,435.00M,1.802B,2.584B,298.00M,0.89,0.89,91.00M,59.04B,2.374B,2013-09,1.44B,433.00M,-222.00M,-222.00M,39.87B,10.76B,16.20B,1.019B,1.853B,680.00M,257.00M,4.176B,15.76B,54.96B,3.299B,4.317B,5.692B,39.20B,50.65B,33.51B,1.355B,1.634B,1.856B
AEP,2013-06,-313.00M,415.00M,1.552B,3.357B,297.00M,0.69,0.69,91.00M,58.36B,2.03B,2013-06,1.574B,338.00M,-179.00M,-179.00M,39.42B,10.58B,15.80B,701.00M,1.921B,393.00M,68.00M,3.582B,15.54B,54.98B,3.296B,4.622B,6.519B,39.44B,50.36B,32.92B,1.329B,1.667B,1.931B
AEP,2013-03,-306.00M,440.00M,1.695B,2.981B,299.00M,0.75,0.75,91.00M,58.08B,2.131B,2013-03,1.52B,363.00M,-229.00M,-229.00M,39.13B,10.47B,15.90B,755.00M,1.972B,545.00M,195.00M,3.826B,15.42B,54.55B,3.291B,4.397B,6.175B,39.13B,50.15B,32.95B,1.376B,1.731B,1.869B
AEP,2012-12,-337.00M,603.00M,1.634B,3.152B,316.00M,0.05,0.05,91.00M,57.45B,1.979B,2012-12,1.519B,21.00M,-289.00M,-289.00M,38.76B,10.19B,15.59B,536.00M,2.185B,-6.00M,-16.00M,3.613B,15.24B,54.37B,3.289B,4.589B,6.823B,39.13B,49.78B,32.31B,1.443B,1.916B,1.871B
AEP,2012-09,-454.00M,721.00M,1.762B,3.488B,295.00M,1,1,90.00M,57.46B,2.394B,2012-09,1.462B,487.00M,-231.00M,-231.00M,38.13B,9.828B,14.96B,925.00M,1.749B,715.00M,241.00M,4.156B,15.31B,53.84B,3.286B,4.648B,6.795B,38.54B,49.20B,31.74B,1.469B,1.50B,1.904B
AEP,2012-06,-475.00M,594.00M,1.424B,3.191B,293.00M,0.75,0.75,90.00M,56.78B,2.127B,2012-06,1.494B,362.00M,-233.00M,-233.00M,37.83B,9.561B,15.32B,741.00M,1.804B,543.00M,190.00M,3.551B,15.01B,53.42B,3.284B,4.483B,6.407B,38.41B,48.94B,32.01B,1.386B,1.523B,1.808B
AEP,2012-03,-472.00M,503.00M,1.575B,3.03B,289.00M,0.8,0.8,90.00M,56.22B,2.05B,2012-03,1.418B,389.00M,-227.00M,-227.00M,37.43B,9.416B,15.34B,754.00M,1.894B,570.00M,189.00M,3.625B,14.86B,52.90B,3.28B,4.214B,6.342B,38.04B,48.69B,31.70B,1.296B,1.657B,1.717B
AEP,2011-12,-470.00M,515.00M,2.585B,3.083B,280.00M,0.63,0.63,76.00M,55.67B,859.00M,2011-12,1.292B,311.00M,-207.00M,-207.00M,36.97B,9.201B,15.08B,392.00M,2.091B,235.00M,32.00M,3.444B,14.66B,52.22B,3.274B,4.182B,6.611B,37.56B,48.04B,30.95B,467.00M,1.812B,1.834B
AEP,2011-09,-380.00M,786.00M,1.665B,2.546B,284.00M,1.92,1.92,76.00M,55.10B,2.668B,2011-09,1.173B,929.00M,-223.00M,-223.00M,36.42B,9.086B,15.18B,980.00M,1.739B,984.00M,334.00M,4.333B,14.65B,51.19B,3.271B,4.374B,5.684B,36.53B,46.81B,30.85B,1.688B,1.504B,1.938B
AEP,2011-06,-362.00M,728.00M,1.267B,2.71B,0,0.73,0.73,76.00M,54.67B,2.342B,2011-06,1.305B,352.00M,-236.00M,-236.00M,36.06B,8.713B,15.56B,717.00M,1.848B,521.00M,168.00M,3.609B,13.94B,50.75B,3.266B,4.754B,5.887B,36.81B,46.00B,30.93B,1.625B,1.566B,2.197B
