Ticker,Date,Accrued Comprehensive Inc,Cash and Short Term Investments,Cost of Goods Sold,Current Debt & Capital Lease Obligation,Current Deferred Liabilities,EPS Basic,EPS Diluted,Goodwill and Intangibles,Gross PP&E,Gross Profit,Income (Quarterly),Net Income,Net Non-Operating Interest Income Expense,Net Operating Interest Income,Net PP&E,Non-Current Deferred Liabilities,Non-Current Portion of LTD and Capital Lease Obligation,Operating Income,Payables and Accrued Expenses,Pre-Tax Income,Provision for Income Taxes,Revenue,SG&A Expense,Shareholders Equity,Total Assets,Total Capital Stock,Total Current Assets,Total Current Liabilities,Total Liabilities,Total Long Term Assets,Total Long Term Liabilities,Total Operating Expenses,Total Payables,Total Receivables
AJG,2020-12,-643.60M,664.60M,1.138B,278.60M,475.60M,0.7373,0.72,8.527B,1.554B,576.50M,2020-12,142.20M,-47.80M,-47.80M,824.60M,65.70M,4.587B,212.20M,7.785B,133.70M,-19.40M,1.714B,0,6.186B,22.33B,193.70M,11.12B,10.14B,16.10B,11.21B,5.964B,364.30M,7.785B,6.893B
AJG,2020-09,-870.40M,629.90M,1.234B,318.00M,465.80M,0.92,0.9,8.027B,805.10M,611.40M,2020-09,176.60M,-48.10M,-48.10M,805.10M,65.60M,4.558B,274.30M,7.953B,209.50M,21.70M,1.846B,0,5.772B,21.81B,192.30M,11.20B,10.12B,16.00B,10.61B,5.880B,337.10M,7.953B,7.140B
AJG,2020-06,-982.20M,349.70M,1.009B,328.60M,453.30M,0.81,0.79,7.982B,823.60M,573.80M,2020-06,153.70M,-50.00M,-50.00M,823.60M,66.30M,4.623B,236.40M,7.950B,171.70M,9.90M,1.583B,0,5.489B,21.31B,191.50M,10.76B,9.864B,15.77B,10.55B,5.908B,337.40M,7.950B,7.251B
AJG,2020-03,-1.231B,352.80M,1.119B,577.60M,423.30M,1.83,1.79,7.802B,829.10M,747.40M,2020-03,346.30M,-50.50M,-50.50M,829.10M,68.20M,4.634B,317.30M,7.779B,356.00M,0.60M,1.867B,0,5.030B,20.84B,189.60M,10.53B,9.838B,15.77B,10.31B,5.929B,430.10M,7.779B,7.459B
AJG,2019-12,-759.60M,604.80M,1.176B,790.60M,434.10M,0.5257,0.51,7.937B,1.453B,532.30M,2019-12,98.50M,-48.10M,-48.10M,860.90M,69.70M,4.157B,122.40M,6.348B,84.00M,-21.60M,1.708B,0,5.156B,19.63B,188.10M,9.118B,8.921B,14.42B,10.52B,5.498B,409.90M,6.348B,5.892B
AJG,2019-09,-925.10M,578.90M,1.271B,660.10M,421.20M,0.68,0.66,7.388B,843.30M,551.10M,2019-09,126.10M,-46.60M,-46.60M,843.30M,72.70M,4.151B,163.80M,6.574B,114.80M,-22.30M,1.822B,0,4.843B,19.17B,186.50M,9.329B,8.911B,14.26B,9.845B,5.351B,387.30M,6.574B,6.200B
AJG,2019-06,-802.50M,512.30M,1.131B,562.30M,429.00M,0.59,0.58,7.251B,826.40M,524.60M,2019-06,110.10M,-44.90M,-44.90M,826.40M,75.30M,4.143B,151.90M,6.874B,105.50M,-15.90M,1.656B,0,4.879B,19.20B,186.10M,9.547B,8.932B,14.25B,9.653B,5.32B,372.70M,6.874B,6.494B
AJG,2019-03,-721.50M,871.50M,1.253B,494.80M,402.10M,1.81,1.77,6.642B,819.00M,680.80M,2019-03,334.10M,-40.20M,-40.20M,819.00M,78.00M,4.020B,307.80M,6.741B,321.80M,-29.90M,1.934B,0,4.880B,18.63B,185.30M,9.670B,8.638B,13.67B,8.962B,5.035B,373.00M,6.741B,6.674B
AJG,2018-12,-785.60M,607.20M,1.228B,519.00M,379.30M,0.6381,0.63,6.399B,941.70M,428.40M,2018-12,117.30M,-36.50M,-36.50M,436.90M,78.40M,3.091B,81.50M,5.740B,43.20M,-84.60M,1.657B,0,4.499B,16.33B,184.00M,8.119B,7.694B,11.76B,8.215B,4.071B,346.90M,5.740B,5.366B
AJG,2018-09,-673.40M,605.00M,1.312B,389.30M,396.60M,0.7,0.68,6.273B,0,466.10M,2018-09,127.60M,-36.70M,-36.70M,429.30M,76.10M,3.141B,132.20M,5.694B,90.30M,-48.10M,1.778B,0,4.544B,16.11B,183.70M,8.084B,7.423B,11.50B,8.031B,4.079B,333.90M,5.694B,5.333B
AJG,2018-06,-651.40M,652.20M,1.202B,346.10M,395.20M,0.63,0.62,6.135B,880.60M,452.40M,2018-06,114.90M,-33.90M,-33.90M,427.60M,76.60M,3.141B,125.40M,5.983B,103.60M,-20.10M,1.654B,0,4.444B,16.23B,182.60M,8.365B,7.569B,11.72B,7.866B,4.149B,327.00M,5.983B,5.567B
AJG,2018-03,-499.50M,697.90M,1.242B,481.00M,390.40M,1.51,1.48,5.876B,789.10M,593.00M,2018-03,273.70M,-31.30M,-31.30M,424.20M,74.80M,2.792B,278.10M,6.071B,242.30M,-43.70M,1.835B,0,4.515B,16.13B,182.10M,8.533B,7.742B,11.54B,7.594B,3.801B,314.90M,6.071B,6.034B
AJG,2017-12,-555.40M,681.20M,1.143B,441.10M,355.30M,0.5805,0.57,5.809B,0,373.40M,2017-12,71.50M,-31.20M,-31.20M,412.20M,75.30M,2.692B,60.40M,4.986B,29.20M,-49.30M,1.516B,0,4.236B,14.91B,181.00M,7.269B,6.730B,10.61B,7.640B,3.880B,313.00M,4.986B,4.484B
AJG,2017-09,-498.90M,564.90M,1.166B,281.40M,85.40M,0.61,0.61,5.832B,0,428.00M,2017-09,111.00M,-31.40M,-31.40M,413.40M,0,2.742B,118.90M,3.508B,76.90M,-41.20M,1.594B,0,4.11B,12.81B,180.80M,5.087B,4.705B,8.638B,7.723B,3.933B,309.10M,3.508B,2.525B
AJG,2017-06,-661.90M,587.80M,1.099B,468.00M,74.00M,0.39,0.39,5.652B,0,390.30M,2017-06,70.00M,-31.60M,-31.60M,387.60M,0,2.645B,90.80M,3.546B,54.10M,-24.20M,1.490B,0,3.845B,12.57B,180.20M,5.107B,4.858B,8.660B,7.462B,3.802B,299.50M,3.546B,2.703B
AJG,2017-03,-699.10M,564.00M,1.112B,799.40M,75.30M,1.28,1.27,5.579B,0,534.60M,2017-03,228.80M,-29.90M,-29.90M,375.50M,0,2.145B,241.30M,3.028B,199.60M,-42.40M,1.646B,0,3.662B,11.78B,179.50M,4.483B,4.785B,8.053B,7.297B,3.269B,293.30M,3.028B,2.359B
AJG,2016-12,-763.60M,545.50M,1.119B,703.60M,69.00M,0.5337,0.53,5.395B,0,351.60M,2016-12,77.50M,-28.30M,-28.30M,377.60M,0,2.145B,84.70M,2.996B,45.50M,-40.80M,1.471B,0,3.597B,11.49B,178.30M,4.416B,4.612B,7.834B,7.074B,3.222B,266.90M,2.996B,2.159B
AJG,2016-09,-620.50M,531.80M,1.076B,741.10M,83.70M,0.69,0.69,5.392B,0,406.00M,2016-09,122.80M,-28.50M,-28.50M,213.90M,0,2.045B,127.50M,2.867B,94.90M,-35.50M,1.482B,0,3.686B,11.20B,177.90M,4.214B,4.399B,7.459B,6.987B,3.060B,278.50M,2.867B,1.951B
AJG,2016-06,-603.50M,411.10M,956.00M,386.20M,72.80M,0.85,0.84,5.376B,0,471.10M,2016-06,150.00M,-27.20M,-27.20M,213.90M,0,2.344B,177.90M,3.216B,137.50M,-18.20M,1.427B,0,3.600B,11.38B,177.00M,4.486B,4.384B,7.728B,6.899B,3.345B,293.20M,3.216B,2.338B
AJG,2016-03,-535.40M,425.40M,926.50M,451.20M,70.50M,0.26,0.26,5.366B,0,373.90M,2016-03,46.50M,-25.80M,-25.80M,218.20M,0,2.072B,85.40M,2.723B,55.70M,-2.20M,1.300B,0,3.597B,10.71B,177.10M,3.940B,4.022B,7.060B,6.773B,3.038B,288.50M,2.723B,1.933B
AJG,2015-12,-522.50M,480.40M,950.20M,382.00M,61.30M,0.3524,0.35,5.362B,647.90M,384.70M,2015-12,62.30M,-25.80M,-25.80M,249.00M,0,2.072B,68.90M,2.877B,28.40M,-39.80M,1.335B,0,3.638B,10.91B,176.90M,4.214B,4.187B,7.222B,6.697B,3.035B,315.80M,2.877B,2.023B
AJG,2015-09,-496.30M,369.70M,1.024B,267.60M,51.70M,0.76,0.75,5.321B,548.70M,431.00M,2015-09,133.30M,-25.60M,-25.60M,200.70M,0,2.125B,141.00M,2.707B,105.70M,-35.20M,1.455B,0,3.652B,10.51B,176.70M,4.020B,3.729B,6.802B,6.490B,3.073B,290.00M,2.707B,1.903B
AJG,2015-06,-338.70M,321.70M,921.90M,246.60M,63.80M,0.82,0.81,5.331B,445.80M,449.50M,2015-06,139.30M,-26.00M,-26.00M,198.20M,0,2.125B,160.10M,2.901B,128.50M,-19.10M,1.371B,0,3.638B,10.72B,174.50M,4.261B,3.905B,7.005B,6.455B,3.099B,289.40M,2.901B,2.089B
AJG,2015-03,-380.20M,276.80M,884.50M,210.80M,76.30M,0.13,0.13,5.142B,0,346.80M,2015-03,21.90M,-25.60M,-25.60M,190.60M,0,2.125B,67.10M,2.447B,30.90M,-1.50M,1.231B,0,3.145B,9.731B,166.70M,3.595B,3.439B,6.511B,6.136B,3.073B,279.70M,2.447B,1.766B
AJG,2014-12,-260.60M,314.40M,897.90M,267.90M,66.10M,0.31,0.31,5.226B,0,347.50M,2014-12,51.50M,-25.70M,-25.70M,195.40M,0,2.125B,56.10M,2.623B,29.50M,-25.20M,1.245B,0,3.229B,10.01B,164.60M,3.811B,3.643B,6.705B,6.199B,3.062B,291.40M,2.623B,1.722B
AJG,2014-09,-83.70M,290.50M,890.80M,296.20M,98.70M,0.58,0.58,5.067B,0,396.00M,2014-09,93.60M,-25.90M,-25.90M,196.60M,0,2.125B,125.80M,2.755B,95.40M,-5.90M,1.287B,0,3.256B,9.988B,161.40M,3.972B,3.770B,6.732B,6.016B,2.962B,270.20M,2.755B,1.669B
AJG,2014-06,54.20M,973.50M,800.50M,392.00M,94.30M,0.71,0.7,4.659B,0,378.80M,2014-06,109.00M,-21.20M,-21.20M,193.70M,0,2.125B,140.10M,2.819B,111.90M,-1.80M,1.179B,0,3.250B,10.02B,159.00M,4.440B,3.875B,6.770B,5.579B,2.895B,238.70M,2.819B,1.998B
AJG,2014-03,6.90M,739.20M,637.30M,467.40M,86.60M,0.37,0.36,3.236B,0,277.70M,2014-03,49.30M,-16.20M,-16.20M,165.90M,0,1.425B,76.00M,1.975B,54.70M,-3.10M,915.00M,0,2.144B,7.276B,135.10M,3.198B,3.034B,5.131B,4.078B,2.098B,201.70M,1.975B,1.253B
AJG,2013-12,-2.60M,298.10M,628.80M,630.50M,84.50M,0.4534,0.45,3.224B,0,261.40M,2013-12,60.00M,-13.90M,-13.90M,160.40M,0,825.00M,79.90M,2.155B,65.80M,-10.20M,890.20M,0,2.086B,6.860B,133.60M,2.876B,3.285B,4.775B,3.985B,1.490B,181.50M,2.155B,1.414B
AJG,2013-09,-41.80M,286.90M,559.40M,235.50M,69.70M,0.57,0.57,2.690B,0,276.40M,2013-09,74.60M,-13.10M,-13.10M,148.10M,0,825.00M,98.20M,1.876B,85.50M,10.90M,835.80M,0,1.932B,5.970B,131.50M,2.547B,2.578B,4.038B,3.424B,1.460B,178.20M,1.876B,1.075B
AJG,2013-06,-72.60M,240.00M,492.10M,50.00M,73.60M,0.73,0.73,2.291B,363.80M,287.40M,2013-06,93.50M,-11.90M,-11.90M,123.00M,0,925.00M,106.80M,1.948B,97.40M,3.90M,779.50M,110.50M,1.702B,5.562B,127.70M,2.603B,2.344B,3.860B,2.960B,1.516B,180.60M,1.948B,1.245B
AJG,2013-03,-55.00M,224.00M,442.00M,129.00M,66.40M,0.32,0.32,2.237B,336.50M,232.10M,2013-03,40.50M,-11.20M,-11.20M,108.50M,0,725.00M,57.90M,1.728B,42.30M,1.80M,674.10M,108.20M,1.665B,5.225B,126.80M,2.301B,2.215B,3.560B,2.924B,1.345B,174.20M,1.728B,1.051B
AJG,2012-12,-32.80M,302.10M,448.20M,48.00M,70.60M,0.2681,0.2681,2.282B,0,225.00M,2012-12,33.50M,-10.90M,-10.90M,105.40M,0,725.00M,58.70M,1.820B,45.40M,11.90M,673.20M,94.00M,1.659B,5.352B,125.60M,2.430B,2.363B,3.694B,2.923B,1.331B,166.30M,1.820B,1.096B
AJG,2012-09,-25.80M,305.20M,401.60M,92.00M,67.70M,0.5,0.5,3.214B,0,248.80M,2012-09,61.70M,-10.70M,-10.70M,101.00M,0,725.00M,90.70M,1.989B,76.30M,14.60M,650.40M,0,1.636B,5.009B,124.40M,2.325B,2.090B,3.373B,2.684B,1.283B,158.10M,1.704B,1.032B
AJG,2012-06,-48.10M,282.10M,393.10M,10.00M,74.00M,0.6,0.59,1.931B,0,256.80M,2012-06,71.70M,-10.80M,-10.80M,100.90M,0,675.00M,96.70M,2.282B,91.10M,19.40M,649.90M,0,1.473B,5.134B,121.00M,2.632B,2.442B,3.661B,2.502B,1.219B,160.10M,2.038B,1.368B
AJG,2012-03,-36.00M,301.80M,362.10M,35.00M,73.60M,0.24,0.24,1.794B,0,184.70M,2012-03,28.10M,-10.60M,-10.60M,95.70M,0,675.00M,45.60M,1.853B,32.50M,4.40M,546.80M,0,1.357B,4.603B,118.30M,2.225B,2.044B,3.246B,2.378B,1.202B,139.10M,1.638B,1.080B
AJG,2011-12,-47.20M,291.20M,380.60M,0,69.70M,0.36,0.35,1.717B,0,197.80M,2011-12,40.50M,-10.40M,-10.40M,91.30M,0,675.00M,57.60M,1.622B,47.40M,6.90M,578.40M,0,1.244B,4.484B,114.70M,2.199B,2.074B,3.240B,2.284B,1.166B,140.20M,1.622B,1.027B
AJG,2011-09,-12.10M,241.40M,345.90M,0,64.30M,0.41,0.41,1.649B,0,216.90M,2011-09,46.70M,-10.30M,-10.30M,90.50M,0,675.00M,77.00M,1.847B,71.00M,24.30M,562.80M,0,1.219B,4.247B,112.90M,2.089B,1.944B,3.028B,2.158B,1.084B,139.90M,1.600B,982.00M
AJG,2011-06,3.70M,263.20M,336.50M,0,64.50M,0.38,0.37,1.635B,0,209.60M,2011-06,41.70M,-10.60M,-10.60M,87.70M,0,675.00M,74.00M,2.144B,65.90M,24.20M,546.10M,0,1.203B,4.582B,112.20M,2.416B,2.287B,3.379B,2.166B,1.092B,135.60M,1.928B,1.293B
AJG,2011-03,6.50M,333.20M,295.10M,0,65.00M,0.14,0.14,1.415B,0,152.30M,2011-03,15.20M,-9.50M,-9.50M,79.40M,0,675.00M,33.80M,1.379B,23.50M,8.30M,447.40M,0,1.147B,3.691B,110.30M,1.750B,1.485B,2.544B,1.941B,1.059B,118.50M,1.213B,718.80M
