Ticker,Date,Accrued Comprehensive Inc,Cash and Short Term Investments,Cost of Goods Sold,Current Debt & Capital Lease Obligation,Current Deferred Liabilities,EPS Basic,EPS Diluted,Goodwill and Intangibles,Gross PP&E,Gross Profit,Income (Quarterly),Inventories,Net Income,Net Non-Operating Interest Income Expense,Net Operating Interest Income,Net PP&E,Non-Current Deferred Liabilities,Non-Current Portion of LTD and Capital Lease Obligation,Operating Income,Payables and Accrued Expenses,Pre-Tax Income,Provision for Income Taxes,Revenue,SG&A Expense,Shareholders Equity,Total Assets,Total Capital Stock,Total Current Assets,Total Current Liabilities,Total Liabilities,Total Long Term Assets,Total Long Term Liabilities,Total Operating Expenses,Total Payables,Total Receivables
ALK,2021-03,-494.00M,3.549B,791.00M,1.517B,1.297B,-1.05,-1.05,2.048B,7.567B,6.00M,2021-03,57.00M,-131.00M,-22.00M,-22.00M,7.567B,1.951B,3.608B,-132.00M,1.059B,-173.00M,-42.00M,797.00M,33.00M,2.875B,14.26B,1.00M,4.284B,4.762B,11.39B,9.978B,6.625B,138.00M,108.00M,480.00M
ALK,2020-12,-450.00M,3.346B,1.112B,1.428B,1.806B,-3.47,-3.47,2.05B,11.14B,-304.00M,2020-12,57.00M,-447.00M,-23.00M,-23.00M,7.611B,2.019B,3.625B,-419.00M,1.04B,-643.00M,-196.00M,808.00M,18.00M,2.988B,14.05B,1.00M,4.006B,4.293B,11.06B,10.04B,6.765B,115.00M,93.00M,321.00M
ALK,2020-09,-458.00M,3.759B,715.00M,1.433B,1.734B,-3.49,-3.49,2.05B,11.36B,-14.00M,2020-09,56.00M,-431.00M,-23.00M,-23.00M,7.897B,2.138B,3.992B,-127.00M,713.00M,-589.00M,-158.00M,701.00M,24.00M,3.454B,14.75B,1.00M,4.465B,4.207B,11.30B,10.28B,7.088B,113.00M,102.00M,280.00M
ALK,2020-06,-482.00M,2.803B,557.00M,1.36B,2.047B,-1.74,-1.74,2.052B,11.80B,-136.00M,2020-06,68.00M,-214.00M,-9.00M,-9.00M,8.363B,2.21B,2.925B,-218.00M,817.00M,-291.00M,-77.00M,421.00M,4.00M,3.861B,14.00B,1.00M,3.244B,4.12B,10.14B,10.75B,6.017B,82.00M,119.00M,279.00M
ALK,2020-03,-465.00M,2.125B,1.596B,1.325B,1.588B,-1.89,-1.89,2.053B,11.74B,40.00M,2020-03,72.00M,-232.00M,-1.00M,-1.00M,8.438B,1.955B,2.578B,-158.00M,1.047B,-317.00M,-85.00M,1.636B,55.00M,4.015B,13.36B,1.00M,2.572B,3.73B,9.348B,10.79B,5.618B,198.00M,146.00M,323.00M
ALK,2019-12,-421.00M,1.521B,1.746B,504.00M,1.65B,1.47,1.46,2.065B,12.10B,482.00M,2019-12,63.00M,181.00M,-3.00M,-3.00M,8.613B,1.885B,2.703B,257.00M,987.00M,243.00M,62.00M,2.228B,77.00M,4.331B,12.99B,1.00M,2.037B,3.201B,8.662B,10.96B,5.461B,225.00M,120.00M,377.00M
ALK,2019-09,-422.00M,1.619B,1.748B,533.00M,1.826B,2.61,2.6,2.066B,11.87B,641.00M,2019-09,55.00M,322.00M,-3.00M,-3.00M,8.481B,1.763B,2.82B,427.00M,1.032B,416.00M,94.00M,2.389B,77.00M,4.252B,12.98B,1.00M,2.202B,3.346B,8.731B,10.78B,5.385B,214.00M,156.00M,389.00M
ALK,2019-06,-433.00M,1.627B,1.693B,561.00M,1.941B,2.12,2.11,2.068B,11.75B,595.00M,2019-06,58.00M,262.00M,-6.00M,-6.00M,8.44B,1.678B,2.962B,372.00M,938.00M,351.00M,89.00M,2.288B,87.00M,3.973B,12.95B,1.00M,2.218B,3.534B,8.978B,10.73B,5.444B,223.00M,157.00M,358.00M
ALK,2019-03,-448.00M,1.436B,1.615B,575.00M,1.873B,0.03,0.03,2.07B,11.58B,261.00M,2019-03,60.00M,4.00M,-9.00M,-9.00M,8.344B,1.681B,3.107B,51.00M,963.00M,6.00M,2.00M,1.876B,72.00M,3.746B,12.64B,1.00M,2.001B,3.386B,8.894B,10.64B,5.508B,210.00M,132.00M,366.00M
ALK,2018-12,0,1.236B,1.748B,486.00M,1.493B,0.19,0.19,2.07B,10.02B,316.00M,2018-12,0,23.00M,-7.00M,-7.00M,6.781B,0,1.617B,86.00M,0,36.00M,13.00M,2.064B,81.00M,3.751B,10.91B,0,1.787B,2.942B,7.161B,9.125B,4.219B,230.00M,0,0
ALK,2018-09,-428.00M,1.397B,1.673B,345.00M,1.643B,1.76,1.75,2.071B,9.662B,539.00M,2018-09,57.00M,217.00M,-6.00M,-6.00M,6.495B,1.632B,1.684B,319.00M,900.00M,284.00M,67.00M,2.212B,79.00M,3.791B,10.89B,1.00M,2.056B,2.888B,7.102B,8.837B,4.214B,220.00M,114.00M,422.00M
ALK,2018-06,-435.00M,1.568B,1.617B,314.00M,1.779B,1.57,1.56,2.073B,9.584B,539.00M,2018-06,57.00M,193.00M,-11.00M,-11.00M,6.493B,1.547B,1.998B,310.00M,943.00M,259.00M,66.00M,2.156B,88.00M,3.593B,11.06B,1.00M,2.216B,3.036B,7.462B,8.839B,4.426B,229.00M,115.00M,411.00M
ALK,2018-03,-440.00M,1.528B,1.553B,387.00M,1.771B,0.03,0.03,2.075B,9.414B,279.00M,2018-03,62.00M,4.00M,-11.00M,-11.00M,6.403B,1.474B,2.062B,60.00M,834.00M,6.00M,2.00M,1.832B,78.00M,3.439B,10.85B,1.00M,2.114B,2.992B,7.409B,8.734B,4.417B,219.00M,102.00M,350.00M
ALK,2017-12,-380.00M,1.621B,1.543B,307.00M,1.441B,2.56,2.55,2.076B,9.275B,399.00M,2017-12,57.00M,315.00M,-13.00M,-13.00M,6.284B,1.46B,2.262B,167.00M,938.00M,126.00M,-189.00M,1.942B,91.00M,3.46B,10.75B,1.00M,2.152B,2.686B,7.286B,8.594B,4.60B,232.00M,120.00M,341.00M
ALK,2017-09,-289.00M,1.74B,1.418B,334.00M,1.103B,2.1,2.09,2.069B,9.308B,692.00M,2017-09,57.00M,259.00M,-12.00M,-12.00M,6.23B,1.364B,2.367B,450.00M,1.328B,417.00M,158.00M,2.11B,92.00M,3.491B,10.74B,1.00M,2.214B,2.765B,7.248B,8.525B,4.483B,242.00M,97.00M,301.00M
ALK,2017-06,-294.00M,1.922B,1.349B,337.00M,1.255B,2.37,2.36,2.077B,9.061B,753.00M,2017-06,52.00M,293.00M,-13.00M,-13.00M,6.002B,1.25B,2.469B,511.00M,1.382B,474.00M,181.00M,2.102B,102.00M,3.264B,10.72B,1.00M,2.425B,2.974B,7.456B,8.295B,4.482B,242.00M,95.00M,326.00M
ALK,2017-03,-299.00M,1.71B,1.33B,332.00M,1.218B,0.75,0.75,2.081B,8.817B,410.00M,2017-03,50.00M,93.00M,-14.00M,-14.00M,5.809B,1.15B,2.531B,196.00M,1.285B,142.00M,49.00M,1.74B,83.00M,3.014B,10.30B,1.00M,2.213B,2.835B,7.288B,8.089B,4.453B,214.00M,95.00M,321.00M
ALK,2016-12,-305.00M,1.58B,1.053B,319.00M,849.00M,0.92,0.92,2.077B,8.595B,465.00M,2016-12,47.00M,97.00M,-11.00M,-11.00M,5.666B,1.103B,2.645B,279.00M,1.367B,202.00M,105.00M,1.518B,86.00M,2.931B,9.962B,1.00M,2.05B,2.535B,7.031B,7.912B,4.496B,186.00M,92.00M,302.00M
ALK,2016-09,-284.00M,3.226B,994.00M,275.00M,785.00M,2.08,2.07,0,7.908B,572.00M,2016-09,44.00M,256.00M,2.00M,2.00M,5.031B,1.224B,1.861B,422.00M,1.063B,402.00M,146.00M,1.566B,58.00M,2.864B,8.699B,1.00M,3.60B,2.123B,5.835B,5.099B,3.712B,150.00M,71.00M,232.00M
ALK,2016-06,-287.00M,1.607B,926.00M,117.00M,870.00M,2.11,2.1,0,7.743B,568.00M,2016-06,45.00M,260.00M,5.00M,5.00M,4.959B,1.201B,509.00M,432.00M,1.074B,420.00M,160.00M,1.494B,55.00M,2.627B,7.035B,1.00M,2.003B,2.061B,4.408B,5.032B,2.347B,136.00M,78.00M,254.00M
ALK,2016-03,-294.00M,1.564B,914.00M,116.00M,868.00M,1.47,1.46,0,7.529B,433.00M,2016-03,45.00M,184.00M,1.00M,1.00M,4.83B,1.145B,531.00M,290.00M,1.085B,292.00M,108.00M,1.347B,49.00M,2.455B,6.829B,1.00M,1.923B,2.069B,4.374B,4.906B,2.305B,143.00M,63.00M,235.00M
ALK,2015-12,-303.00M,1.328B,942.00M,114.00M,669.00M,1.52,1.51,0,7.416B,435.00M,2015-12,51.00M,191.00M,4.00M,4.00M,4.802B,1.113B,569.00M,287.00M,1.022B,259.00M,68.00M,1.377B,51.00M,2.411B,6.53B,1.00M,1.663B,1.805B,4.119B,4.867B,2.314B,148.00M,63.00M,212.00M
ALK,2015-09,-303.00M,1.258B,947.00M,117.00M,760.00M,2.15,2.14,0,7.268B,568.00M,2015-09,52.00M,274.00M,4.00M,4.00M,4.734B,1.162B,593.00M,433.00M,977.00M,437.00M,163.00M,1.515B,53.00M,2.365B,6.564B,1.00M,1.715B,1.854B,4.199B,4.849B,2.345B,135.00M,61.00M,205.00M
ALK,2015-06,-304.00M,1.192B,917.00M,116.00M,840.00M,1.8,1.79,0,7.165B,520.00M,2015-06,58.00M,234.00M,3.00M,3.00M,4.705B,1.119B,629.00M,372.00M,971.00M,376.00M,142.00M,1.437B,54.00M,2.219B,6.48B,1.00M,1.654B,1.927B,4.261B,4.826B,2.334B,148.00M,56.00M,194.00M
ALK,2015-03,-305.00M,1.312B,895.00M,118.00M,814.00M,1.13,1.12,0,6.881B,374.00M,2015-03,52.00M,149.00M,2.00M,2.00M,4.497B,1.135B,650.00M,238.00M,948.00M,240.00M,91.00M,1.269B,53.00M,2.166B,6.41B,1.00M,1.776B,1.88B,4.244B,4.634B,2.364B,136.00M,57.00M,187.00M
ALK,2014-12,-310.00M,1.217B,970.00M,117.00M,631.00M,1.12,1.11,0,6.616B,336.00M,2014-12,58.00M,148.00M,0,0,4.299B,1.007B,686.00M,212.00M,923.00M,242.00M,94.00M,1.306B,45.00M,2.127B,6.064B,1.00M,1.639B,1.671B,3.937B,4.425B,2.266B,124.00M,62.00M,259.00M
ALK,2014-09,-178.00M,1.343B,1.027B,115.00M,703.00M,1.47,1.45,0,6.494B,438.00M,2014-09,64.00M,198.00M,-2.00M,-2.00M,4.244B,1.094B,710.00M,316.00M,949.00M,316.00M,118.00M,1.465B,55.00M,2.229B,6.236B,1.00M,1.799B,1.767B,4.007B,4.437B,2.24B,122.00M,68.00M,178.00M
ALK,2014-06,-178.00M,1.51B,978.00M,114.00M,807.00M,1.2,1.19,0,6.291B,397.00M,2014-06,61.00M,165.00M,-3.00M,-3.00M,4.102B,1.067B,745.00M,263.00M,943.00M,265.00M,100.00M,1.375B,53.00M,2.20B,6.314B,1.00M,2.02B,1.864B,4.114B,4.294B,2.25B,134.00M,71.00M,203.00M
ALK,2014-03,-181.00M,1.42B,954.00M,113.00M,749.00M,0.69,0.68,0,6.068B,268.00M,2014-03,58.00M,94.00M,-2.00M,-2.00M,3.93B,1.059B,721.00M,141.00M,893.00M,152.00M,58.00M,1.222B,46.00M,2.095B,6.061B,69.00M,1.934B,1.755B,3.966B,4.127B,2.211B,127.00M,75.00M,212.00M
ALK,2013-12,-183.00M,1.33B,962.00M,117.00M,564.00M,0.56,0.555,0,5.961B,248.00M,2013-12,60.00M,78.00M,-4.00M,-4.00M,3.893B,1.044B,754.00M,130.00M,899.00M,125.00M,47.00M,1.21B,42.00M,2.029B,5.838B,1.00M,1.762B,1.58B,3.809B,4.076B,2.229B,118.00M,64.00M,152.00M
ALK,2013-09,-414.00M,1.445B,971.00M,111.00M,627.00M,2.07,2.04,0,5.826B,586.00M,2013-09,60.00M,289.00M,-2.00M,-2.00M,3.792B,849.00M,782.00M,470.00M,912.00M,463.00M,174.00M,1.557B,47.00M,1.802B,5.862B,70.00M,1.935B,1.65B,4.06B,3.927B,2.41B,116.00M,60.00M,182.00M
ALK,2013-06,-424.00M,1.429B,966.00M,110.00M,724.00M,0.75,0.74,0,5.715B,290.00M,2013-06,59.00M,104.00M,-5.00M,-5.00M,3.725B,951.00M,814.00M,174.00M,922.00M,169.00M,65.00M,1.256B,51.00M,1.543B,5.852B,70.00M,1.986B,1.756B,4.309B,3.866B,2.553B,116.00M,71.00M,195.00M
ALK,2013-03,-429.00M,1.265B,964.00M,106.00M,691.00M,0.26,0.255,0,5.564B,169.00M,2013-03,61.00M,37.00M,-7.00M,-7.00M,3.639B,933.00M,840.00M,64.00M,801.00M,59.00M,22.00M,1.133B,38.00M,1.462B,5.644B,70.00M,1.839B,1.598B,4.182B,3.805B,2.584B,105.00M,101.00M,188.00M
ALK,2012-12,-436.00M,1.252B,957.00M,161.00M,534.00M,0.31,0.305,0,5.472B,175.00M,2012-12,58.00M,44.00M,-5.00M,-5.00M,3.609B,889.00M,871.00M,74.00M,806.00M,72.00M,28.00M,1.132B,37.00M,1.421B,5.505B,70.00M,1.737B,1.501B,4.084B,3.768B,2.583B,101.00M,65.00M,130.00M
ALK,2012-09,-373.60M,1.186B,898.00M,167.20M,583.60M,1.15,1.135,0,5.353B,374.00M,2012-09,52.50M,163.00M,-6.00M,-6.00M,3.548B,908.30M,898.90M,269.00M,615.00M,265.00M,102.00M,1.272B,46.00M,1.439B,5.436B,70.20M,1.716B,1.529B,3.997B,3.720B,2.468B,105.00M,70.20M,185.40M
ALK,2012-06,-380.80M,1.185B,993.00M,183.40M,667.20M,0.475,0.465,0,5.288B,221.00M,2012-06,47.80M,68.00M,-9.00M,-9.00M,3.547B,861.50M,957.10M,116.00M,679.00M,109.00M,41.00M,1.214B,44.00M,1.283B,5.424B,70.70M,1.698B,1.664B,4.141B,3.725B,2.476B,105.00M,110.80M,169.40M
ALK,2012-03,-382.40M,1.141B,862.00M,210.10M,654.00M,0.285,0.28,0,5.231B,177.00M,2012-03,45.30M,41.00M,-7.00M,-7.00M,3.504B,811.40M,1.037B,72.00M,685.30M,66.00M,25.00M,1.039B,41.00M,1.218B,5.382B,71.20M,1.657B,1.673B,4.164B,3.725B,2.491B,105.00M,129.00M,168.30M
ALK,2011-12,-390.00M,1.141B,1.802B,208.00M,489.00M,0.45,0.435,0,5.038B,-757.00M,2011-12,44.00M,64.50M,-7.80M,-7.80M,3.373B,773.00M,1.099B,114.30M,813.00M,101.00M,36.50M,1.044B,-748.60M,1.174B,5.167B,76.00M,1.596B,1.51B,3.993B,3.571B,2.483B,-871.30M,104.00M,136.00M
ALK,2011-09,-256.00M,1.266B,624.50M,213.60M,541.10M,0.54,0.53,0,4.996B,573.60M,2011-09,44.30M,77.50M,-19.10M,-19.10M,3.350B,792.20M,1.179B,145.20M,615.70M,125.30M,47.80M,1.198B,311.60M,1.264B,5.260B,37.80M,1.726B,1.518B,3.996B,3.534B,2.478B,428.40M,88.00M,148.30M
ALK,2011-06,-260.00M,1.154B,599.20M,253.90M,594.50M,0.2,0.195,0,4.853B,511.00M,2011-06,52.60M,28.80M,-12.10M,-12.10M,3.250B,734.60M,1.155B,84.60M,643.40M,47.00M,18.20M,1.110B,306.50M,1.206B,5.234B,37.70M,1.676B,1.628B,4.027B,3.558B,2.399B,426.40M,71.30M,167.80M
