Ticker,Date,Accrued Comprehensive Inc,Cash and Short Term Investments,Cost of Goods Sold,Current Debt & Capital Lease Obligation,Current Deferred Liabilities,EPS Basic,EPS Diluted,Goodwill and Intangibles,Gross PP&E,Gross Profit,Income (Quarterly),Inventories,Net Income,Net Non-Operating Interest Income Expense,Net Operating Interest Income,Net PP&E,Non-Current Deferred Liabilities,Non-Current Portion of LTD and Capital Lease Obligation,Operating Income,Payables and Accrued Expenses,Pre-Tax Income,Provision for Income Taxes,Revenue,SG&A Expense,Shareholders Equity,Total Assets,Total Capital Stock,Total Current Assets,Total Current Liabilities,Total Liabilities,Total Long Term Assets,Total Long Term Liabilities,Total Operating Expenses,Total Payables,Total Receivables
ALLE,2021-03,-189.10M,394.30M,396.90M,0.10M,0,1.19,1.18,1.275B,830.10M,297.40M,2021-03,289.90M,108.00M,-12.30M,-12.30M,285.70M,105.70M,1.430B,131.30M,505.50M,122.50M,14.30M,694.30M,166.10M,727.70M,2.948B,0.90M,1.048B,505.60M,2.217B,1.900B,1.711B,166.10M,209.80M,312.60M
ALLE,2020-12,-157.10M,480.40M,407.40M,0.20M,0,1.02,1.01,1.306B,786.00M,319.90M,2020-12,283.10M,93.30M,-12.20M,-12.20M,294.90M,107.80M,1.429B,158.40M,428.00M,105.80M,12.40M,727.30M,161.50M,829.40M,3.069B,0.90M,1.145B,521.50M,2.237B,1.924B,1.715B,161.50M,238.60M,347.60M
ALLE,2020-09,-206.80M,428.90M,409.20M,0.20M,0,1.59,1.58,1.284B,748.80M,319.20M,2020-09,289.60M,146.90M,-12.70M,-12.70M,293.70M,115.90M,1.429B,163.00M,488.90M,159.70M,12.80M,728.40M,156.20M,824.30M,3.028B,0.90M,1.121B,489.10M,2.201B,1.907B,1.712B,156.20M,191.10M,350.90M
ALLE,2020-06,-231.00M,302.40M,342.90M,0.80M,0,0.8,0.8,1.267B,0,246.60M,2020-06,293.60M,73.70M,-12.90M,-12.90M,292.50M,0,1.428B,96.50M,462.90M,87.90M,14.20M,589.50M,150.10M,677.50M,2.834B,0.90M,977.10M,463.70M,2.154B,1.857B,1.690B,150.10M,195.50M,329.20M
ALLE,2020-03,-251.40M,245.30M,381.60M,3.40M,0,0.0043,0.0043,1.258B,0,293.10M,2020-03,275.50M,0.40M,-12.40M,-12.40M,289.20M,0,1.428B,125.20M,453.30M,12.00M,11.50M,674.70M,167.90M,611.30M,2.758B,0.90M,922.00M,456.70M,2.144B,1.836B,1.687B,167.90M,198.70M,343.10M
ALLE,2019-12,-218.60M,355.30M,400.30M,0.10M,0,0.87,0.86,1.384B,0,319.20M,2019-12,269.90M,80.70M,-12.60M,-12.60M,291.40M,0,1.428B,149.20M,408.50M,97.70M,17.00M,719.50M,170.00M,757.40M,2.967B,0.90M,1.002B,507.00M,2.207B,1.965B,1.700B,170.00M,233.80M,344.00M
ALLE,2019-09,-273.00M,232.90M,412.80M,0.10M,0,1.41,1.4,1.372B,0,335.50M,2019-09,293.90M,131.60M,-15.20M,-15.20M,281.90M,0,1.427B,168.10M,491.10M,150.50M,18.80M,748.30M,167.40M,685.00M,2.865B,0.90M,933.10M,491.20M,2.178B,1.932B,1.687B,167.40M,208.80M,367.50M
ALLE,2019-06,-233.10M,157.80M,410.50M,35.10M,0,1.17,1.16,1.412B,0,320.70M,2019-06,304.70M,109.30M,-13.00M,-13.00M,281.70M,0,1.393B,145.70M,482.00M,131.60M,22.20M,731.20M,175.00M,660.50M,2.849B,0.90M,883.20M,517.10M,2.186B,1.966B,1.669B,175.00M,206.50M,380.00M
ALLE,2019-03,-238.80M,153.80M,378.10M,35.10M,0,0.85,0.84,1.415B,0,276.90M,2019-03,296.80M,80.20M,-13.40M,-13.40M,275.10M,0,1.401B,108.00M,450.30M,95.40M,15.10M,655.00M,168.90M,633.70M,2.801B,0.90M,850.20M,485.40M,2.163B,1.951B,1.678B,168.90M,198.30M,359.60M
ALLE,2018-12,-223.50M,283.80M,401.90M,35.30M,0,1.4,1.39,1.430B,0,300.50M,2018-12,280.30M,132.80M,-13.60M,-13.60M,276.70M,0,1.410B,141.40M,390.20M,127.20M,-5.70M,702.40M,159.10M,651.00M,2.810B,0.90M,931.60M,520.80M,2.156B,1.879B,1.635B,159.10M,255.20M,340.30M
ALLE,2018-09,-188.20M,189.70M,402.10M,35.00M,0,1.22,1.21,1.436B,707.90M,309.40M,2018-09,278.30M,116.00M,-13.60M,-13.60M,273.30M,123.60M,1.418B,142.30M,451.90M,130.20M,14.10M,711.50M,167.10M,596.90M,2.730B,1.00M,873.30M,486.90M,2.131B,1.857B,1.644B,167.10M,208.00M,361.40M
ALLE,2018-06,-175.90M,189.60M,399.10M,35.20M,0,1.2,1.19,1.373B,640.40M,305.60M,2018-06,265.40M,113.90M,-13.30M,-13.30M,272.50M,118.70M,1.426B,143.40M,437.90M,131.60M,17.60M,704.70M,162.20M,506.00M,2.632B,0.90M,852.50M,473.10M,2.123B,1.779B,1.650B,162.20M,210.20M,366.00M
ALLE,2018-03,-126.80M,151.80M,355.30M,35.30M,0,0.76,0.75,1.424B,0,257.80M,2018-03,271.50M,72.20M,-12.70M,-12.70M,277.40M,0,1.474B,98.70M,416.80M,86.20M,13.80M,613.10M,159.10M,456.00M,2.628B,0.90M,802.60M,452.10M,2.167B,1.826B,1.715B,159.10M,197.50M,336.40M
ALLE,2017-12,-152.90M,466.20M,347.10M,35.00M,0,0.1,0.1,1.156B,0,276.00M,2017-12,239.80M,9.60M,-55.40M,-55.40M,252.20M,0,1.442B,130.90M,341.10M,78.20M,66.10M,623.10M,145.10M,401.60M,2.542B,1.00M,1.033B,460.80M,2.136B,1.509B,1.676B,145.10M,206.50M,308.80M
ALLE,2017-09,-182.50M,334.90M,335.00M,35.00M,0,0.95,0.94,1.149B,0,274.40M,2017-09,257.10M,89.80M,-17.50M,-17.50M,246.10M,0,1.412B,127.10M,397.20M,112.00M,21.90M,609.40M,147.30M,367.20M,2.447B,1.00M,924.60M,432.20M,2.075B,1.523B,1.643B,147.30M,177.70M,302.80M
ALLE,2017-06,-204.50M,245.50M,345.70M,46.90M,0,1.11,1.1,1.132B,0,281.30M,2017-06,247.80M,105.50M,-15.90M,-15.90M,241.30M,0,1.394B,135.00M,389.90M,123.20M,17.40M,627.00M,146.30M,265.30M,2.335B,0.90M,839.20M,436.80M,2.065B,1.495B,1.628B,146.30M,194.60M,310.90M
ALLE,2017-03,-251.40M,189.60M,307.60M,47.10M,0,0.72,0.71,1.093B,0,241.20M,2017-03,238.00M,68.40M,-15.80M,-15.80M,232.10M,0,1.405B,99.50M,351.40M,82.30M,13.60M,548.80M,141.70M,151.40M,2.185B,1.00M,742.20M,398.50M,2.030B,1.443B,1.632B,141.70M,173.10M,268.90M
ALLE,2016-12,-264.30M,312.40M,327.20M,48.20M,0,0.78,0.77,1.074B,0,242.50M,2016-12,220.60M,74.80M,-15.90M,-15.90M,226.60M,0,1.416B,106.00M,300.40M,82.50M,7.50M,569.70M,136.50M,113.30M,2.247B,1.00M,829.30M,429.60M,2.131B,1.418B,1.701B,136.50M,182.60M,271.90M
ALLE,2016-09,-216.80M,214.50M,317.60M,47.20M,0,0.02,0.02,1.126B,0,263.50M,2016-09,228.30M,1.60M,-15.10M,-15.10M,226.40M,0,1.426B,121.50M,385.10M,21.10M,19.10M,581.10M,142.00M,151.80M,2.307B,1.00M,802.30M,432.30M,2.151B,1.504B,1.719B,142.00M,165.10M,277.10M
ALLE,2016-06,-231.20M,169.10M,317.50M,48.60M,0,0.99,0.98,1.119B,0,267.40M,2016-06,225.30M,95.00M,-15.60M,-15.60M,227.10M,0,1.437B,124.30M,421.10M,116.40M,21.00M,584.90M,143.10M,139.20M,2.346B,1.00M,827.90M,469.70M,2.203B,1.518B,1.733B,143.10M,175.70M,348.30M
ALLE,2016-03,-205.70M,125.50M,286.00M,49.10M,33.50M,0.6,0.6,1.112B,616.50M,216.30M,2016-03,216.50M,57.70M,-15.80M,-15.80M,226.10M,120.00M,1.447B,82.50M,357.00M,75.00M,16.20M,502.30M,133.80M,73.70M,2.27B,1.00M,710.40M,406.10M,2.192B,1.560B,1.786B,133.80M,162.30M,325.80M
ALLE,2015-12,-232.20M,199.70M,325.20M,65.60M,23.90M,0.75,0.74,1.086B,579.80M,220.20M,2015-12,204.10M,71.90M,-15.90M,-15.90M,224.80M,57.00M,1.458B,81.50M,309.10M,75.80M,3.80M,545.40M,138.70M,25.60M,2.263B,1.00M,735.10M,447.10M,2.233B,1.528B,1.786B,138.70M,184.20M,313.90M
ALLE,2015-09,-174.60M,175.20M,304.50M,59.00M,0,-0.28,-0.28,1.084B,566.40M,240.00M,2015-09,216.30M,-27.30M,-13.40M,-13.40M,227.90M,86.70M,1.576B,110.40M,376.50M,-6.80M,19.40M,544.50M,129.60M,14.50M,2.409B,1.00M,875.70M,517.20M,2.381B,1.533B,1.864B,129.60M,180.20M,273.10M
ALLE,2015-06,-173.10M,201.00M,297.70M,61.80M,0,0.67,0.66,650.00M,0,221.80M,2015-06,205.90M,63.90M,-10.80M,-10.80M,207.80M,0,1.190B,95.70M,417.20M,84.00M,19.00M,519.50M,126.10M,47.30M,1.990B,1.00M,923.20M,479.00M,1.917B,1.066B,1.438B,126.10M,233.80M,461.10M
ALLE,2015-03,-178.70M,229.60M,271.60M,49.40M,0,0.47,0.47,610.30M,0,187.10M,2015-03,184.90M,45.40M,-11.30M,-11.30M,206.30M,0,1.203B,71.00M,432.70M,56.30M,12.40M,458.70M,116.10M,-19.80M,1.927B,1.00M,903.70M,482.10M,1.926B,1.024B,1.444B,116.10M,231.50M,432.90M
ALLE,2014-12,-148.20M,290.50M,374.60M,49.60M,0,0.37,0.37,609.80M,0,198.90M,2014-12,169.30M,35.40M,-14.80M,-14.80M,207.20M,0,1.215B,63.10M,274.40M,39.90M,17.40M,573.50M,135.80M,-4.80M,2.016B,1.00M,1.002B,532.50M,1.997B,1.014B,1.465B,135.80M,175.60M,230.40M
ALLE,2014-09,-129.70M,251.40M,310.10M,30.30M,0,0.63,0.63,643.00M,0,236.60M,2014-09,180.70M,60.80M,-12.60M,-12.60M,212.50M,0,1.249B,106.10M,433.90M,95.40M,27.30M,546.70M,130.50M,-30.70M,1.992B,1.00M,934.00M,464.20M,1.986B,1.058B,1.522B,130.50M,222.90M,440.90M
ALLE,2014-06,-104.30M,193.20M,305.50M,30.70M,0,0.45,0.44,662.70M,0,226.00M,2014-06,174.10M,43.20M,-12.40M,-12.40M,210.30M,0,1.257B,89.30M,406.70M,77.80M,23.10M,531.50M,136.70M,-42.20M,1.968B,1.00M,887.60M,437.40M,1.979B,1.080B,1.542B,136.70M,219.80M,443.80M
ALLE,2014-03,-109.80M,205.40M,274.40M,70.50M,0,0.37,0.37,650.60M,0,192.20M,2014-03,167.20M,35.80M,-12.90M,-12.90M,208.90M,0,1.264B,67.80M,391.00M,54.80M,16.40M,466.60M,124.40M,-60.40M,1.978B,1.00M,913.90M,461.50M,2.006B,1.064B,1.545B,124.40M,213.60M,427.90M
ALLE,2013-12,-96.70M,227.40M,325.10M,71.90M,0,0.1,0.1,651.00M,0,218.60M,2013-12,187.50M,10.70M,-8.10M,-8.10M,200.20M,0,1.272B,92.70M,322.80M,83.60M,72.60M,543.70M,125.90M,-66.10M,2.001B,1.00M,946.80M,490.50M,2.036B,1.054B,1.545B,125.90M,211.30M,418.80M
ALLE,2013-09,-56.40M,368.50M,290.60M,2.10M,0.10M,-0.8133,-0.8133,650.80M,586.80M,238.40M,2013-09,163.20M,-78.10M,-0.50M,-0.50M,206.60M,95.00M,2.70M,116.20M,308.00M,-22.10M,45.50M,529.00M,122.20M,1.268B,1.925B,1.325B,1.003B,371.60M,624.10M,922.00M,252.50M,122.20M,209.60M,425.10M
ALLE,2013-06,-7.70M,317.50M,310.20M,2.20M,0,0.6279,0.6279,788.40M,0,218.50M,2013-06,166.40M,60.30M,-0.50M,-0.50M,232.00M,92.00M,2.80M,100.00M,319.90M,100.30M,37.00M,528.70M,118.50M,1.343B,1.984B,0,909.90M,382.70M,617.60M,1.074B,234.90M,118.50M,227.20M,381.90M
,,,,,,,,,,,,,,,,,,,,,,,,,,,,,,,,,117.30M,117.30M,,
