Ticker,Date,Accrued Comprehensive Inc,Cash and Short Term Investments,Cost of Goods Sold,Current Debt & Capital Lease Obligation,Current Deferred Liabilities,EPS Basic,EPS Diluted,Goodwill and Intangibles,Gross PP&E,Gross Profit,Income (Quarterly),Inventories,Net Income,Net Non-Operating Interest Income Expense,Net Operating Interest Income,Net PP&E,Non-Current Deferred Liabilities,Non-Current Portion of LTD and Capital Lease Obligation,Operating Income,Payables and Accrued Expenses,Pre-Tax Income,Provision for Income Taxes,Research and Development Expense,Revenue,SG&A Expense,Shareholders Equity,Total Assets,Total Capital Stock,Total Current Assets,Total Current Liabilities,Total Liabilities,Total Long Term Assets,Total Long Term Liabilities,Total Operating Expenses,Total Payables,Total Receivables
AMD,2020-12,17.00M,2.29B,1.793B,200.00M,5.00M,1.48,1.45,518.00M,1.761B,1.451B,2020-12,1.399B,1.781B,-1.00M,-1.00M,849.00M,0,531.00M,570.00M,1.829B,546.00M,-1.232B,573.00M,3.244B,308.00M,5.837B,8.962B,12.00M,6.143B,2.417B,3.125B,2.819B,708.00M,881.00M,546.00M,2.076B
AMD,2020-09,5.00M,1.771B,1.571B,38.00M,1.00M,0.33,0.32,483.00M,1.70B,1.23B,2020-09,1.292B,390.00M,-11.00M,-11.00M,810.00M,0,578.00M,449.00M,1.966B,401.00M,12.00M,508.00M,2.801B,273.00M,3.867B,7.023B,12.00M,5.50B,2.417B,3.156B,1.523B,739.00M,781.00M,867.00M,2.138B
AMD,2020-06,-4.00M,1.775B,1.084B,38.00M,2.00M,0.13,0.13,463.00M,1.637B,848.00M,2020-06,1.324B,157.00M,-14.00M,-14.00M,800.00M,0,694.00M,173.00M,1.906B,160.00M,4.00M,460.00M,1.932B,215.00M,3.305B,6.583B,12.00M,5.109B,2.434B,3.278B,1.474B,844.00M,675.00M,994.00M,1.799B
AMD,2020-03,-14.00M,1.385B,968.00M,108.00M,11.00M,0.14,0.14,483.00M,1.555B,818.00M,2020-03,1.056B,162.00M,-13.00M,-13.00M,761.00M,0,699.00M,177.00M,1.705B,168.00M,6.00M,442.00M,1.786B,199.00M,3.037B,5.864B,12.00M,4.39B,1.985B,2.827B,1.474B,842.00M,641.00M,840.00M,1.691B
AMD,2019-12,0,1.503B,1.178B,136.00M,3.00M,0.15,0.15,499.00M,1.473B,949.00M,2019-12,982.00M,170.00M,-3.00M,-3.00M,705.00M,0,685.00M,348.00M,2.00B,205.00M,35.00M,395.00M,2.127B,206.00M,2.827B,6.028B,12.00M,4.597B,2.359B,3.201B,1.431B,842.00M,601.00M,1.201B,1.879B
AMD,2019-09,-7.00M,1.209B,1.024B,136.00M,0,0.11,0.11,509.00M,1.427B,777.00M,2019-09,1.04B,120.00M,-24.00M,-24.00M,658.00M,0,1.073B,186.00M,1.603B,126.00M,7.00M,406.00M,1.801B,185.00M,2.176B,5.253B,11.00M,3.912B,1.864B,3.077B,1.341B,1.213B,591.00M,1.021B,1.393B
AMD,2019-06,0,1.128B,910.00M,0,0,0.03,0.03,520.00M,1.415B,621.00M,2019-06,1.015B,35.00M,-25.00M,-25.00M,670.00M,0,1.242B,59.00M,1.586B,37.00M,2.00M,373.00M,1.531B,189.00M,1.901B,5.102B,11.00M,3.754B,1.804B,3.201B,1.348B,1.397B,562.00M,1.069B,1.333B
AMD,2019-03,-1.00M,1.194B,751.00M,0,0,0.01,0.01,511.00M,1.315B,521.00M,2019-03,955.00M,16.00M,-27.00M,-27.00M,591.00M,0,1.237B,38.00M,1.423B,4.00M,-13.00M,373.00M,1.272B,170.00M,1.788B,4.931B,11.00M,3.677B,1.764B,3.143B,1.254B,1.379B,483.00M,986.00M,1.241B
AMD,2018-12,-8.00M,1.156B,882.00M,0,0,0.04,0.04,515.00M,1.055B,537.00M,2018-12,845.00M,38.00M,-11.00M,-11.00M,348.00M,0,1.114B,28.00M,1.588B,3.00M,-35.00M,371.00M,1.419B,138.00M,1.266B,4.556B,10.00M,3.54B,1.984B,3.29B,1.016B,1.306B,509.00M,1.041B,1.235B
AMD,2018-09,-10.00M,1.056B,992.00M,0,0,0.1,0.09,563.00M,1.036B,661.00M,2018-09,738.00M,102.00M,-30.00M,-30.00M,318.00M,0,1.167B,150.00M,1.506B,114.00M,12.00M,363.00M,1.653B,148.00M,1.125B,4.347B,10.00M,3.314B,1.878B,3.222B,1.033B,1.344B,511.00M,1.086B,1.207B
AMD,2018-06,-10.00M,983.00M,1.104B,223.00M,72.00M,0.12,0.11,581.00M,999.00M,652.00M,2018-06,750.00M,116.00M,-31.00M,-31.00M,295.00M,0,1.17B,153.00M,1.38B,123.00M,6.00M,357.00M,1.756B,142.00M,879.00M,4.103B,10.00M,3.099B,1.868B,3.224B,1.004B,1.356B,499.00M,1.035B,1.118B
AMD,2018-03,3.00M,1.045B,1.05B,223.00M,72.00M,0.08,0.08,597.00M,984.00M,597.00M,2018-03,715.00M,81.00M,-31.00M,-31.00M,290.00M,0,1.165B,120.00M,1.186B,90.00M,8.00M,343.00M,1.647B,134.00M,715.00M,3.763B,10.00M,2.751B,1.697B,3.048B,1.012B,1.351B,477.00M,884.00M,738.00M
AMD,2017-12,6.00M,1.185B,888.00M,70.00M,62.00M,0.06,0.06,528.00M,1.001B,452.00M,2017-12,694.00M,-19.00M,-25.00M,-25.00M,261.00M,0,1.325B,-2.00M,1.145B,-31.00M,-12.00M,320.00M,1.34B,134.00M,596.00M,3.552B,9.00M,2.634B,1.513B,2.956B,918.00M,1.443B,454.00M,837.00M,454.00M
AMD,2017-09,2.00M,879.00M,1.013B,70.00M,63.00M,0.06,0.06,537.00M,978.00M,571.00M,2017-09,794.00M,61.00M,-31.00M,-31.00M,236.00M,0,1.356B,119.00M,1.229B,85.00M,22.00M,320.00M,1.584B,132.00M,520.00M,3.586B,10.00M,2.699B,1.591B,3.066B,887.00M,1.475B,452.00M,970.00M,771.00M
AMD,2017-06,0,844.00M,765.00M,42.00M,54.00M,-0.04,-0.04,542.00M,930.00M,386.00M,2017-06,833.00M,-42.00M,-32.00M,-32.00M,200.00M,0,1.375B,-1.00M,1.166B,-36.00M,3.00M,285.00M,1.151B,127.00M,417.00M,3.37B,9.00M,2.511B,1.449B,2.953B,859.00M,1.504B,387.00M,910.00M,614.00M
AMD,2017-03,-4.00M,943.00M,800.00M,226.00M,42.00M,-0.04,-0.04,511.00M,905.00M,378.00M,2017-03,839.00M,-33.00M,-32.00M,-32.00M,180.00M,0,1.408B,11.00M,1.129B,-26.00M,5.00M,271.00M,1.178B,123.00M,409.00M,3.299B,9.00M,2.498B,1.372B,2.89B,801.00M,1.518B,367.00M,903.00M,494.00M
AMD,2016-12,-5.00M,1.264B,797.00M,230.00M,43.00M,-0.06,-0.06,523.00M,881.00M,356.00M,2016-12,751.00M,-52.00M,-32.00M,-32.00M,164.00M,0,1.435B,-4.00M,1.098B,-45.00M,5.00M,264.00M,1.153B,127.00M,416.00M,3.321B,9.00M,2.53B,1.346B,2.905B,791.00M,1.559B,360.00M,847.00M,311.00M
AMD,2016-09,-3.00M,1.258B,1.248B,0,0,-0.5,-0.5,524.00M,899.00M,59.00M,2016-09,772.00M,-406.00M,-41.00M,-41.00M,161.00M,0,1.632B,-293.00M,1.263B,-397.00M,4.00M,259.00M,1.307B,117.00M,385.00M,3.616B,9.00M,2.824B,1.473B,3.231B,792.00M,1.758B,352.00M,1.053B,640.00M
AMD,2016-06,-3.00M,957.00M,708.00M,0,0,0.09,0.08,520.00M,950.00M,319.00M,2016-06,743.00M,69.00M,-41.00M,-41.00M,169.00M,0,2.012B,-15.00M,1.14B,101.00M,29.00M,243.00M,1.027B,117.00M,-413.00M,3.316B,8.00M,2.506B,1.581B,3.729B,810.00M,2.148B,334.00M,879.00M,671.00M
AMD,2016-03,-6.00M,716.00M,563.00M,0,0,-0.14,-0.14,523.00M,983.00M,269.00M,2016-03,675.00M,-109.00M,-40.00M,-40.00M,176.00M,0,2.006B,-71.00M,794.00M,-108.00M,1.00M,242.00M,832.00M,105.00M,-503.00M,2.981B,8.00M,2.226B,1.328B,3.484B,755.00M,2.156B,340.00M,579.00M,508.00M
AMD,2015-12,-8.00M,785.00M,675.00M,230.00M,53.00M,-0.13,-0.13,467.00M,984.00M,283.00M,2015-12,678.00M,-102.00M,-41.00M,-41.00M,188.00M,0,2.007B,-55.00M,901.00M,-92.00M,10.00M,229.00M,958.00M,109.00M,-412.00M,3.084B,8.00M,2.32B,1.403B,3.496B,764.00M,2.093B,338.00M,574.00M,533.00M
AMD,2015-09,-15.00M,755.00M,822.00M,230.00M,60.00M,-0.25,-0.25,480.00M,1.549B,239.00M,2015-09,761.00M,-197.00M,-39.00M,-39.00M,194.00M,0,2.03B,-110.00M,923.00M,-197.00M,0,241.00M,1.061B,108.00M,-336.00M,3.229B,8.00M,2.466B,1.449B,3.565B,763.00M,2.116B,349.00M,662.00M,648.00M
AMD,2015-06,-5.00M,829.00M,710.00M,235.00M,51.00M,-0.23,-0.23,533.00M,1.662B,232.00M,2015-06,799.00M,-181.00M,-40.00M,-40.00M,289.00M,0,2.034B,-137.00M,1.017B,-180.00M,1.00M,235.00M,942.00M,134.00M,-141.00M,3.381B,8.00M,2.451B,1.399B,3.522B,930.00M,2.123B,369.00M,694.00M,687.00M
AMD,2015-03,-12.00M,906.00M,704.00M,235.00M,61.00M,-0.23,-0.23,523.00M,1.678B,326.00M,2015-03,688.00M,-180.00M,-40.00M,-40.00M,297.00M,0,2.033B,-50.00M,856.00M,-177.00M,3.00M,242.00M,1.03B,131.00M,17.00M,3.428B,8.00M,2.497B,1.292B,3.411B,931.00M,2.119B,376.00M,547.00M,771.00M
AMD,2014-12,-5.00M,1.04B,879.00M,177.00M,72.00M,-0.47,-0.47,604.00M,1.68B,360.00M,2014-12,685.00M,-364.00M,-41.00M,-41.00M,302.00M,0,2.035B,-26.00M,1.012B,-367.00M,-3.00M,238.00M,1.239B,144.00M,187.00M,3.767B,8.00M,2.736B,1.44B,3.58B,1.031B,2.14B,386.00M,672.00M,818.00M
AMD,2014-09,-1.00M,938.00M,935.00M,102.00M,94.00M,0.02,0.02,860.00M,1.74B,494.00M,2014-09,897.00M,17.00M,-43.00M,-43.00M,328.00M,0,2.106B,63.00M,1.192B,19.00M,2.00M,278.00M,1.429B,150.00M,535.00M,4.325B,8.00M,3.02B,1.566B,3.79B,1.305B,2.224B,431.00M,878.00M,973.00M
AMD,2014-06,1.00M,948.00M,943.00M,101.00M,118.00M,-0.05,-0.05,866.00M,1.729B,498.00M,2014-06,960.00M,-36.00M,-46.00M,-46.00M,329.00M,0,2.109B,63.00M,1.146B,-32.00M,4.00M,277.00M,1.441B,154.00M,501.00M,4.246B,8.00M,2.932B,1.505B,3.745B,1.314B,2.24B,435.00M,847.00M,872.00M
AMD,2014-03,-3.00M,902.00M,910.00M,60.00M,146.00M,-0.03,-0.03,888.00M,1.725B,487.00M,2014-03,869.00M,-20.00M,-46.00M,-46.00M,337.00M,0,2.078B,49.00M,1.05B,-18.00M,2.00M,279.00M,1.397B,156.00M,511.00M,4.108B,8.00M,2.69B,1.384B,3.597B,1.418B,2.213B,438.00M,752.00M,840.00M
AMD,2013-12,-2.00M,1.097B,1.036B,60.00M,145.00M,0.12,0.12,911.00M,1.733B,553.00M,2013-12,884.00M,89.00M,-48.00M,-48.00M,346.00M,0,1.998B,87.00M,1.227B,90.00M,1.00M,293.00M,1.589B,169.00M,544.00M,4.337B,7.00M,2.884B,1.618B,3.793B,1.453B,2.175B,466.00M,910.00M,832.00M
AMD,2013-09,-2.00M,1.06B,940.00M,5.00M,139.00M,0.06,0.06,635.00M,1.766B,521.00M,2013-09,922.00M,48.00M,-46.00M,-46.00M,358.00M,0,2.044B,73.00M,1.407B,51.00M,3.00M,288.00M,1.461B,155.00M,434.00M,4.317B,7.00M,2.939B,1.762B,3.883B,1.378B,2.121B,448.00M,1.09B,873.00M
AMD,2013-06,-6.00M,968.00M,702.00M,5.00M,129.00M,-0.1,-0.1,640.00M,1.872B,459.00M,2013-06,711.00M,-74.00M,-40.00M,-40.00M,402.00M,0,2.042B,-24.00M,1.124B,-71.00M,3.00M,308.00M,1.161B,171.00M,359.00M,3.897B,7.00M,2.458B,1.451B,3.538B,1.439B,2.087B,483.00M,834.00M,670.00M
AMD,2013-03,-4.00M,1.003B,643.00M,5.00M,132.00M,-0.19,-0.19,645.00M,1.917B,445.00M,2013-03,613.00M,-146.00M,-43.00M,-43.00M,411.00M,0,2.039B,-51.00M,994.00M,-144.00M,2.00M,312.00M,1.088B,179.00M,415.00M,3.797B,7.00M,2.338B,1.321B,3.382B,1.459B,2.061B,496.00M,692.00M,645.00M
AMD,2012-12,-3.00M,1.002B,977.00M,5.00M,108.00M,-0.63,-0.63,804.00M,2.218B,178.00M,2012-12,562.00M,-473.00M,-43.00M,-43.00M,658.00M,0,2.037B,-333.00M,1.126B,-469.00M,4.00M,313.00M,1.155B,193.00M,538.00M,4.00B,7.00M,2.265B,1.397B,3.462B,1.735B,2.065B,511.00M,750.00M,630.00M
AMD,2012-09,-2.00M,1.30B,877.00M,5.00M,110.00M,-0.21,-0.21,653.00M,2.232B,392.00M,2012-09,744.00M,-157.00M,-42.00M,-42.00M,685.00M,0,2.035B,-128.00M,1.049B,-157.00M,0,328.00M,1.269B,188.00M,989.00M,4.612B,7.00M,2.815B,1.555B,3.623B,1.797B,2.068B,520.00M,882.00M,683.00M
AMD,2012-06,-4.00M,1.579B,775.00M,489.00M,126.00M,0.05,0.05,658.00M,2.221B,638.00M,2012-06,833.00M,37.00M,-41.00M,-41.00M,707.00M,0,1.532B,77.00M,1.51B,31.00M,-6.00M,345.00M,1.413B,212.00M,1.117B,5.041B,7.00M,3.233B,2.352B,3.924B,1.808B,1.572B,561.00M,1.152B,744.00M
AMD,2012-03,-3.00M,1.544B,1.558B,490.00M,137.00M,-0.8,-0.8,662.00M,2.199B,27.00M,2012-03,585.00M,-590.00M,-41.00M,-41.00M,715.00M,0,1.529B,-572.00M,1.643B,-622.00M,-32.00M,368.00M,1.585B,230.00M,1.052B,4.988B,7.00M,3.195B,2.347B,3.936B,1.793B,1.589B,599.00M,1.087B,962.00M
AMD,2011-12,-5.00M,1.765B,918.00M,489.00M,123.00M,-0.24,-0.24,331.00M,2.196B,773.00M,2011-12,476.00M,-177.00M,-41.00M,-41.00M,726.00M,0,1.527B,169.00M,929.00M,-177.00M,-4.00M,358.00M,1.691B,243.00M,1.59B,4.954B,7.00M,3.229B,1.774B,3.364B,1.725B,1.59B,604.00M,560.00M,919.00M
AMD,2011-09,-8.00M,1.807B,934.00M,489.00M,131.00M,0.13,0.13,334.00M,2.122B,756.00M,2011-09,540.00M,97.00M,-39.00M,-39.00M,697.00M,0,1.571B,138.00M,1.208B,92.00M,-5.00M,361.00M,1.69B,249.00M,1.744B,5.236B,7.00M,3.412B,1.855B,3.492B,1.824B,1.637B,618.00M,660.00M,908.00M
AMD,2011-06,0,1.861B,854.00M,4.00M,132.00M,0.08,0.08,342.00M,2.092B,720.00M,2011-06,642.00M,61.00M,-45.00M,-45.00M,686.00M,0,2.195B,105.00M,1.147B,64.00M,3.00M,367.00M,1.574B,239.00M,1.641B,5.224B,7.00M,3.438B,1.312B,3.583B,1.786B,2.271B,615.00M,613.00M,759.00M
AMD,2011-03,2.00M,1.745B,922.00M,4.00M,165.00M,0.71,0.68,351.00M,2.079B,691.00M,2011-03,648.00M,510.00M,-45.00M,-45.00M,676.00M,0,2.192B,54.00M,1.143B,20.00M,2.00M,367.00M,1.613B,261.00M,1.558B,5.209B,7.00M,3.411B,1.375B,3.651B,1.798B,2.276B,637.00M,538.00M,797.00M
