Ticker,Date,Accrued Comprehensive Inc,Cash and Short Term Investments,Cost of Goods Sold,Current Debt & Capital Lease Obligation,Current Deferred Liabilities,EPS Basic,EPS Diluted,Goodwill and Intangibles,Gross PP&E,Gross Profit,Income (Quarterly),Inventories,Net Income,Net Non-Operating Interest Income Expense,Net Operating Interest Income,Net PP&E,Non-Current Deferred Liabilities,Non-Current Portion of LTD and Capital Lease Obligation,Operating Income,Payables and Accrued Expenses,Pre-Tax Income,Provision for Income Taxes,Revenue,SG&A Expense,Shareholders Equity,Total Assets,Total Capital Stock,Total Current Assets,Total Current Liabilities,Total Liabilities,Total Long Term Assets,Total Long Term Liabilities,Total Operating Expenses,Total Payables,Total Receivables
AME,2020-12,-504.47M,1.213B,769.97M,177.23M,194.63M,0.96,0.95,6.849B,1.622B,428.98M,2020-12,559.17M,221.02M,-19.46M,-19.46M,693.76M,533.48M,2.281B,298.11M,579.70M,276.71M,55.68M,1.199B,130.87M,5.949B,10.36B,2.676M,2.522B,1.076B,4.408B,7.835B,3.332B,130.87M,399.27M,597.47M
AME,2020-09,-533.64M,1.305B,732.70M,548.25M,175.83M,0.89,0.88,6.833B,675.37M,394.24M,2020-09,584.75M,204.58M,-21.19M,-21.19M,675.37M,541.52M,2.425B,270.74M,679.41M,248.08M,43.49M,1.127B,123.50M,5.704B,10.43B,2.671M,2.643B,1.403B,4.729B,7.790B,3.326B,123.50M,365.61M,614.77M
AME,2020-06,-558.78M,1.131B,669.20M,158.55M,180.61M,0.73,0.72,6.823B,680.79M,342.73M,2020-06,621.52M,166.22M,-22.67M,-22.67M,680.79M,556.42M,2.881B,226.99M,678.29M,206.45M,40.24M,1.012B,115.74M,5.486B,10.31B,2.668M,2.517B,1.017B,4.825B,7.794B,3.807B,115.74M,375.40M,620.16M
AME,2020-03,-575.74M,1.253B,824.65M,552.79M,174.89M,1.23,1.22,6.844B,703.33M,377.57M,2020-03,654.30M,280.62M,-22.74M,-22.74M,703.33M,553.66M,2.874B,232.04M,749.99M,351.08M,70.46M,1.202B,145.53M,5.326B,10.60B,2.664M,2.774B,1.478B,5.276B,7.827B,3.798B,145.53M,450.53M,712.20M
AME,2019-12,-533.14M,393.03M,858.18M,540.47M,156.82M,0.97,0.96,6.810B,1.584B,446.65M,2019-12,624.57M,220.78M,-23.04M,-23.04M,728.59M,536.14M,2.271B,297.66M,567.21M,267.98M,47.20M,1.305B,148.99M,5.115B,9.845B,2.662M,2.026B,1.426B,4.729B,7.819B,3.303B,148.99M,407.51M,744.76M
AME,2019-09,-558.47M,735.38M,823.26M,240.36M,144.18M,0.97,0.96,5.979B,711.60M,453.37M,2019-09,623.68M,220.75M,-21.31M,-21.31M,711.60M,549.18M,2.369B,301.06M,725.98M,274.23M,53.48M,1.277B,152.32M,4.866B,9.220B,2.657M,2.272B,1.111B,4.354B,6.948B,3.243B,152.32M,423.85M,761.96M
AME,2019-06,-535.83M,567.91M,838.15M,140.11M,140.64M,0.95,0.94,5.952B,721.16M,451.26M,2019-06,634.14M,215.50M,-21.48M,-21.48M,721.16M,544.22M,2.516B,295.41M,697.82M,270.60M,55.10M,1.289B,155.85M,4.667B,9.070B,2.654M,2.127B,978.56M,4.403B,6.942B,3.424B,155.85M,423.47M,757.52M
AME,2019-03,-540.08M,368.06M,851.31M,104.16M,136.36M,0.9,0.89,5.980B,724.86M,436.38M,2019-03,640.58M,204.27M,-22.65M,-22.65M,724.86M,545.86M,2.368B,283.26M,766.71M,256.94M,52.67M,1.288B,153.12M,4.457B,8.891B,2.647M,1.925B,1.007B,4.435B,6.967B,3.428B,153.12M,445.59M,763.16M
AME,2018-12,-551.09M,353.98M,835.27M,358.88M,137.23M,0.92,0.91,6.016B,1.379B,436.06M,2018-12,624.74M,211.52M,-20.32M,-20.32M,554.13M,528.34M,2.274B,282.02M,612.59M,258.77M,47.25M,1.271B,154.04M,4.242B,8.662B,2.64M,1.836B,1.259B,4.420B,6.826B,3.162B,154.04M,448.17M,732.84M
AME,2018-09,-456.20M,518.72M,782.99M,68.72M,137.09M,0.83,0.82,5.365B,0,409.97M,2018-09,620.15M,191.21M,-19.39M,-19.39M,487.42M,554.04M,1.833B,265.27M,764.08M,244.93M,53.72M,1.193B,144.70M,4.512B,8.108B,2.64M,1.999B,969.90M,3.596B,6.109B,2.626B,144.70M,434.15M,714.93M
AME,2018-06,-454.08M,557.69M,791.25M,307.66M,136.94M,0.84,0.83,5.399B,1.261B,417.69M,2018-06,614.39M,193.86M,-20.78M,-20.78M,490.13M,557.70M,1.838B,270.09M,737.91M,248.22M,54.36M,1.209B,147.60M,4.338B,8.152B,2.637M,2.018B,1.183B,3.814B,6.134B,2.632B,147.60M,429.85M,710.96M
AME,2018-03,-414.76M,556.78M,776.80M,308.07M,135.46M,0.79,0.78,5.365B,1.164B,395.85M,2018-03,596.31M,181.34M,-21.69M,-21.69M,492.35M,541.87M,1.898B,258.17M,716.39M,235.82M,54.48M,1.173B,137.68M,4.204B,8.058B,2.634M,1.960B,1.160B,3.854B,6.098B,2.694B,137.68M,434.00M,684.62M
AME,2017-12,-429.18M,646.30M,769.65M,308.12M,0,1.03,1.03,5.129B,0,373.44M,2017-12,540.50M,238.53M,-24.25M,-24.25M,493.30M,512.53M,1.866B,226.59M,679.10M,197.52M,-41.01M,1.143B,146.85M,4.028B,7.796B,2.631M,1.935B,1.139B,3.768B,5.861B,2.630B,146.85M,471.99M,668.18M
AME,2017-09,-462.66M,736.42M,722.13M,509.57M,0,0.67,0.66,5.105B,0,362.67M,2017-09,546.88M,153.53M,-24.71M,-24.71M,494.97M,608.97M,1.921B,230.04M,760.77M,204.43M,50.90M,1.085B,132.63M,3.766B,7.783B,2.63M,2.024B,1.270B,4.017B,5.759B,2.747B,132.63M,456.96M,640.82M
AME,2017-06,-494.30M,516.48M,702.19M,272.55M,0,0.65,0.65,5.098B,0,362.41M,2017-06,541.21M,150.48M,-24.55M,-24.55M,492.51M,596.74M,2.129B,229.55M,722.60M,203.36M,52.87M,1.065B,132.86M,3.592B,7.535B,2.626M,1.789B,995.15M,3.943B,5.746B,2.948B,132.86M,447.30M,642.26M
AME,2017-03,-532.14M,570.23M,667.40M,337.95M,0,0.61,0.6,4.876B,0,340.28M,2017-03,529.93M,138.93M,-24.52M,-24.52M,482.91M,582.84M,2.077B,217.45M,678.85M,191.42M,52.50M,1.008B,122.83M,3.404B,7.299B,2.622M,1.787B,1.017B,3.895B,5.511B,2.878B,122.83M,427.21M,603.90M
AME,2016-12,-542.39M,717.26M,691.36M,278.92M,0,0.47,0.47,4.553B,0,281.59M,2016-12,492.10M,109.11M,-23.59M,-23.59M,473.23M,621.78M,2.063B,162.30M,552.29M,145.25M,36.14M,972.95M,119.29M,3.257B,7.101B,2.615M,1.928B,924.44M,3.844B,5.172B,2.920B,119.29M,399.45M,592.33M
AME,2016-09,-429.86M,445.47M,630.74M,613.68M,0,0.56,0.56,4.626B,0,314.29M,2016-09,537.23M,130.69M,-23.61M,-23.61M,478.65M,655.33M,1.541B,201.12M,603.05M,174.25M,43.56M,945.03M,113.17M,3.373B,6.977B,2.614M,1.697B,1.217B,3.604B,5.280B,2.387B,113.17M,369.71M,595.14M
AME,2016-06,-423.31M,456.20M,639.71M,599.33M,0,0.59,0.59,4.595B,0,338.00M,2016-06,536.97M,138.19M,-23.71M,-23.71M,475.47M,652.07M,1.543B,219.04M,608.13M,190.56M,52.37M,977.71M,118.96M,3.357B,6.956B,2.612M,1.708B,1.207B,3.599B,5.248B,2.392B,118.96M,383.54M,596.59M
AME,2016-03,-370.52M,386.94M,623.68M,665.69M,0,0.57,0.57,4.665B,0,320.72M,2016-03,548.78M,134.17M,-23.40M,-23.40M,488.33M,649.14M,1.553B,208.52M,624.87M,183.04M,48.87M,944.40M,112.19M,3.297B,6.995B,2.61M,1.663B,1.291B,3.698B,5.332B,2.407B,112.19M,410.36M,606.89M
AME,2015-12,-405.63M,381.00M,716.31M,384.92M,0,0.58,0.57,4.380B,1.185B,271.68M,2015-12,514.45M,136.84M,-22.75M,-22.75M,484.55M,624.05M,1.553B,208.83M,545.86M,182.84M,46.00M,987.98M,112.89M,3.255B,6.660B,2.608M,1.619B,1.024B,3.406B,5.042B,2.382B,62.85M,398.09M,603.30M
AME,2015-09,-349.21M,328.03M,631.79M,295.26M,0,0.65,0.65,4.422B,1.113B,366.74M,2015-09,541.99M,156.40M,-23.68M,-23.68M,483.03M,627.38M,1.622B,237.62M,630.22M,211.61M,55.21M,998.53M,112.12M,3.315B,6.644B,2.607M,1.591B,925.48M,3.329B,5.053B,2.403B,129.12M,395.86M,610.02M
AME,2015-06,-312.52M,326.59M,633.92M,183.90M,0,0.64,0.64,4.326B,1.044B,369.80M,2015-06,541.92M,155.51M,-22.68M,-22.68M,484.93M,632.89M,1.482B,240.32M,646.23M,215.15M,59.64M,1.004B,112.70M,3.453B,6.558B,2.605M,1.599B,830.13M,3.104B,4.958B,2.274B,129.48M,406.44M,619.08M
AME,2015-03,-361.70M,406.59M,635.96M,254.04M,0,0.59,0.59,4.146B,0,348.09M,2015-03,506.09M,142.11M,-22.69M,-22.69M,434.40M,607.55M,1.419B,220.95M,644.46M,196.79M,54.68M,984.06M,110.88M,3.264B,6.335B,2.595M,1.609B,898.50M,3.071B,4.726B,2.173B,127.14M,412.01M,592.30M
AME,2014-12,-266.89M,377.62M,727.19M,286.20M,0,0.62,0.62,4.240B,0,296.96M,2014-12,495.90M,152.00M,-22.57M,-22.57M,448.45M,618.38M,1.428B,227.08M,555.46M,207.53M,55.53M,1.024B,117.49M,3.240B,6.421B,2.589M,1.579B,936.14M,3.181B,4.842B,2.245B,69.87M,413.36M,585.46M
AME,2014-09,-141.47M,369.61M,677.74M,163.20M,0,0.58,0.57,4.298B,0,354.07M,2014-09,526.67M,141.81M,-19.54M,-19.54M,451.55M,634.61M,1.473B,218.14M,668.51M,189.96M,48.15M,1.032B,119.20M,3.468B,6.571B,2.587M,1.590B,831.71M,3.103B,4.981B,2.272B,135.93M,417.26M,593.45M
AME,2014-06,-58.06M,282.77M,630.64M,454.42M,0,0.61,0.61,4.269B,0,360.07M,2014-06,538.29M,150.06M,-18.98M,-18.98M,459.19M,623.09M,1.148B,231.73M,667.41M,208.42M,58.36M,990.72M,113.32M,3.422B,6.485B,2.586M,1.531B,1.122B,3.063B,4.954B,1.941B,128.34M,428.11M,594.15M
AME,2014-03,-65.53M,265.34M,625.17M,265.07M,0,0.57,0.57,4.023B,0,350.12M,2014-03,483.45M,140.59M,-18.84M,-18.84M,405.91M,576.39M,1.143B,221.63M,666.74M,198.92M,58.33M,975.29M,112.62M,3.273B,6.089B,2.583M,1.434B,931.80M,2.816B,4.655B,1.884B,128.49M,452.39M,592.41M
AME,2013-12,-65.24M,295.20M,609.84M,273.32M,0,0.55,0.55,3.882B,0,332.62M,2013-12,452.85M,135.67M,-18.85M,-18.85M,402.79M,558.56M,1.142B,210.54M,505.92M,186.46M,50.80M,942.47M,106.69M,3.136B,5.878B,2.581M,1.369B,874.54M,2.742B,4.509B,1.867B,122.08M,387.64M,536.70M
AME,2013-09,-130.92M,254.88M,572.12M,164.93M,0,0.52,0.52,3.643B,0,317.88M,2013-09,449.13M,127.86M,-18.24M,-18.24M,383.59M,498.49M,1.135B,204.69M,567.30M,180.15M,52.29M,890.01M,98.97M,2.934B,5.461B,2.577M,1.309B,732.22M,2.527B,4.153B,1.795B,113.20M,359.08M,532.09M
AME,2013-06,-174.82M,207.61M,567.60M,125.66M,0,0.53,0.52,3.455B,979.88M,311.21M,2013-06,438.91M,128.32M,-18.15M,-18.15M,372.72M,482.49M,1.118B,202.61M,553.80M,181.79M,53.47M,878.81M,94.91M,2.757B,5.193B,2.571M,1.244B,679.46M,2.435B,3.949B,1.756B,108.60M,364.86M,521.55M
AME,2013-03,-183.22M,177.34M,574.07M,208.09M,0,0.51,0.51,3.461B,922.68M,308.78M,2013-03,434.04M,125.15M,-18.32M,-18.32M,375.66M,480.56M,1.116B,197.24M,591.04M,176.39M,51.24M,882.85M,97.61M,2.622B,5.174B,2.568M,1.214B,799.14M,2.552B,3.960B,1.753B,111.54M,403.18M,529.18M
AME,2012-12,-151.33M,157.98M,544.64M,320.65M,0,0.49,0.49,3.518B,0,297.15M,2012-12,428.94M,119.90M,-18.83M,-18.83M,383.48M,482.85M,1.133B,189.95M,465.34M,170.80M,50.90M,841.79M,93.83M,2.535B,5.190B,2.565M,1.165B,879.97M,2.655B,4.025B,1.775B,107.19M,361.78M,507.85M
AME,2012-09,-141.28M,168.10M,541.45M,242.78M,0,0.48,0.47,3.254B,0,297.92M,2012-09,407.90M,115.40M,-18.96M,-18.96M,361.68M,432.80M,1.129B,188.16M,519.61M,165.69M,50.29M,839.37M,96.02M,2.424B,4.894B,2.561M,1.136B,762.39M,2.470B,3.758B,1.707B,109.76M,322.94M,492.86M
AME,2012-06,-160.95M,168.47M,531.75M,388.71M,0,0.47,0.47,3.250B,0,294.14M,2012-06,415.61M,113.69M,-18.84M,-18.84M,361.48M,433.82M,1.123B,184.98M,507.67M,164.29M,50.60M,825.90M,95.65M,2.291B,4.885B,2.555M,1.132B,896.38M,2.595B,3.753B,1.698B,109.17M,323.67M,482.80M
AME,2012-03,-135.85M,224.46M,536.28M,227.18M,0,0.46,0.45,2.979B,0,290.87M,2012-03,393.26M,110.15M,-18.84M,-18.84M,334.37M,409.02M,1.133B,182.78M,522.97M,161.70M,51.55M,827.15M,95.04M,2.189B,4.609B,1.696M,1.153B,750.14M,2.419B,3.456B,1.669B,108.09M,348.41M,468.32M
AME,2011-12,-157.26M,170.39M,489.75M,140.51M,0,0.43,0.42,2.789B,0,273.00M,2011-12,380.47M,101.91M,-17.98M,-17.98M,325.33M,389.09M,1.123B,167.38M,401.70M,146.98M,45.07M,762.75M,92.12M,2.053B,4.319B,2.538M,1.059B,628.88M,2.267B,3.260B,1.638B,105.62M,307.20M,438.24M
AME,2011-09,-101.91M,223.76M,493.27M,40.64M,0,0.41,0.4,2.514B,0,257.28M,2011-09,363.84M,97.98M,-17.26M,-17.26M,318.64M,361.79M,1.071B,159.59M,477.57M,139.04M,41.06M,750.55M,86.02M,2.048B,4.116B,1.689M,1.081B,518.21M,2.068B,3.036B,1.550B,97.69M,297.24M,425.01M
AME,2011-06,-66.54M,203.11M,499.96M,127.71M,0,0.39,0.39,2.540B,0,258.88M,2011-06,364.32M,94.14M,-17.34M,-17.34M,331.61M,361.73M,1.083B,156.96M,474.18M,137.24M,43.09M,758.83M,89.68M,1.986B,4.155B,1.685M,1.083B,601.90M,2.169B,3.072B,1.567B,101.92M,298.86M,439.86M
AME,2011-03,-73.66M,161.67M,472.80M,2.652M,0,0.38,0.3733,2.353B,0,244.98M,2011-03,351.42M,90.44M,-17.15M,-17.15M,317.64M,320.33M,1.081B,152.02M,488.37M,133.38M,42.95M,717.78M,81.49M,1.882B,3.893B,1.682M,1.023B,491.02M,2.011B,2.870B,1.520B,92.96M,322.92M,434.52M
