Ticker,Date,Accrued Comprehensive Inc,Cash and Short Term Investments,Cost of Goods Sold,Current Debt & Capital Lease Obligation,EPS Basic,EPS Diluted,Goodwill and Intangibles,Gross PP&E,Gross Profit,Income (Quarterly),Inventories,Net Income,Net Non-Operating Interest Income Expense,Net Operating Interest Income,Net PP&E,Non-Current Deferred Liabilities,Non-Current Portion of LTD and Capital Lease Obligation,Operating Income,Payables and Accrued Expenses,Pre-Tax Income,Provision for Income Taxes,Research and Development Expense,Revenue,SG&A Expense,Shareholders Equity,Total Assets,Total Capital Stock,Total Current Assets,Total Current Liabilities,Total Liabilities,Total Long Term Assets,Total Long Term Liabilities,Total Operating Expenses,Total Payables,Total Receivables
AMGN,2020-12,-985.00M,10.65B,1.597B,91.00M,2.78,2.76,31.28B,13.87B,5.037B,2020-12,3.893B,1.615B,-131.00M,-131.00M,4.889B,210.00M,32.90B,2.008B,10.46B,1.877B,262.00M,1.229B,6.634B,1.773B,9.409B,62.95B,31.80B,21.14B,11.65B,53.54B,41.80B,41.89B,3.029B,3.267B,4.525B
AMGN,2020-09,-903.00M,12.36B,1.561B,91.00M,3.45,3.43,31.93B,13.28B,4.862B,2020-09,3.942B,2.021B,-247.00M,-247.00M,4.816B,259.00M,34.20B,2.453B,9.862B,2.206B,185.00M,1.062B,6.423B,1.346B,10.96B,64.64B,31.71B,22.66B,9.953B,53.68B,41.98B,43.72B,2.409B,1.161B,4.094B
AMGN,2020-06,-783.00M,11.42B,1.488B,91.00M,3.07,3.05,32.63B,12.75B,4.718B,2020-06,3.84B,1.803B,-293.00M,-293.00M,4.843B,427.00M,34.13B,2.323B,10.43B,2.03B,227.00M,964.00M,6.206B,1.295B,10.66B,65.01B,31.61B,22.90B,10.52B,54.35B,42.12B,43.83B,2.395B,1.15B,5.366B
AMGN,2020-03,-662.00M,8.012B,1.513B,1.84B,3.09,3.07,33.34B,0,4.648B,2020-03,3.682B,1.825B,-335.00M,-335.00M,4.879B,665.00M,30.01B,2.355B,9.987B,2.02B,195.00M,952.00M,6.161B,1.316B,9.485B,61.67B,31.52B,18.81B,11.83B,52.18B,42.86B,40.36B,2.293B,1.338B,5.009B
AMGN,2019-12,-528.00M,8.911B,1.253B,2.953B,2.87,2.85,34.12B,0,4.944B,2019-12,3.584B,1.703B,-65.00M,-65.00M,4.928B,763.00M,26.95B,2.048B,8.901B,1.983B,280.00M,1.312B,6.197B,1.513B,9.673B,59.71B,31.53B,18.44B,12.84B,50.03B,41.27B,37.20B,2.896B,2.874B,4.057B
AMGN,2019-09,-388.00M,20.85B,1.036B,2.049B,3.29,3.27,21.41B,0,4.701B,2019-09,3.243B,1.968B,-199.00M,-199.00M,4.901B,811.00M,27.74B,2.476B,8.688B,2.277B,309.00M,1.001B,5.737B,1.223B,10.93B,59.54B,31.45B,31.05B,10.74B,48.61B,28.48B,37.87B,2.225B,1.005B,3.606B
AMGN,2019-06,-465.00M,21.76B,1.012B,2.816B,3.59,3.57,21.50B,0,4.859B,2019-06,3.176B,2.179B,-114.00M,-114.00M,4.882B,864.00M,27.80B,2.678B,7.806B,2.564B,385.00M,924.00M,5.871B,1.26B,10.79B,59.37B,31.31B,30.75B,10.62B,48.58B,28.63B,37.96B,2.181B,1.001B,3.801B
AMGN,2019-03,-516.00M,26.30B,1.055B,3.705B,3.2,3.18,21.82B,0,4.502B,2019-03,3.016B,1.992B,-158.00M,-158.00M,4.892B,978.00M,29.32B,2.472B,9.001B,2.314B,322.00M,879.00M,5.557B,1.154B,10.83B,64.00B,31.24B,35.15B,12.71B,53.16B,28.85B,40.46B,2.03B,1.091B,3.771B
AMGN,2018-12,-769.00M,29.30B,1.096B,4.419B,3.04,3.01,22.14B,0,5.134B,2018-12,2.94B,1.928B,-197.00M,-197.00M,4.958B,0,29.51B,2.382B,8.068B,2.185B,257.00M,1.182B,6.23B,1.559B,12.50B,66.42B,31.25B,37.62B,13.49B,53.92B,28.80B,40.43B,2.752B,2.121B,3.58B
AMGN,2018-09,-809.00M,29.92B,1.037B,5.077B,2.88,2.86,22.47B,0,4.867B,2018-09,3.017B,1.859B,-229.00M,-229.00M,4.899B,0,29.35B,2.323B,7.355B,2.094B,235.00M,926.00M,5.904B,1.293B,14.35B,67.33B,31.14B,38.32B,12.43B,52.98B,29.01B,40.55B,2.544B,1.042B,3.441B
AMGN,2018-06,-873.00M,29.40B,1.024B,4.288B,3.5,3.48,23.17B,12.58B,5.035B,2018-06,3.063B,2.296B,-185.00M,-185.00M,4.922B,1.155B,30.21B,2.832B,6.917B,2.647B,351.00M,869.00M,6.059B,1.353B,14.91B,67.68B,31.05B,37.97B,11.20B,52.78B,29.71B,41.57B,2.203B,1.026B,3.504B
AMGN,2018-03,-994.00M,32.17B,944.00M,2.183B,3.27,3.25,23.55B,12.43B,4.61B,2018-03,2.952B,2.311B,-107.00M,-107.00M,4.943B,1.215B,33.36B,2.726B,8.296B,2.619B,308.00M,760.00M,5.554B,1.127B,15.62B,71.16B,31.00B,40.69B,10.48B,55.54B,30.48B,45.06B,1.884B,1.089B,3.633B
AMGN,2017-12,-679.00M,41.68B,1.059B,1.152B,-5.89,-5.89,23.37B,0,4.743B,2017-12,2.834B,-4.264B,-31.00M,-31.00M,4.989B,1.166B,34.19B,2.245B,7.052B,2.214B,6.478B,1.043B,5.802B,1.427B,25.24B,79.95B,30.99B,49.48B,9.02B,54.71B,30.48B,45.69B,2.498B,2.305B,3.237B
AMGN,2017-09,-443.00M,41.35B,990.00M,1.999B,2.78,2.76,23.65B,0,4.783B,2017-09,2.927B,2.021B,-58.00M,-58.00M,4.914B,2.131B,33.78B,2.439B,6.194B,2.381B,360.00M,877.00M,5.773B,1.17B,32.23B,80.33B,30.90B,49.75B,8.193B,48.10B,30.58B,39.91B,2.344B,879.00M,3.404B
AMGN,2017-06,-449.00M,39.23B,1.024B,1.459B,2.93,2.91,24.33B,0,4.786B,2017-06,2.961B,2.151B,-156.00M,-156.00M,4.98B,2.299B,33.60B,2.698B,6.356B,2.542B,391.00M,873.00M,5.81B,1.209B,31.72B,79.59B,30.79B,48.44B,7.815B,47.86B,31.14B,40.05B,2.088B,883.00M,3.56B
AMGN,2017-03,-362.00M,38.40B,996.00M,3.799B,2.81,2.79,24.68B,0,4.468B,2017-03,2.871B,2.071B,-131.00M,-131.00M,4.96B,2.37B,30.29B,2.591B,6.724B,2.46B,389.00M,769.00M,5.464B,1.064B,30.64B,77.86B,30.77B,46.46B,10.52B,47.22B,31.41B,36.70B,1.877B,902.00M,3.248B
AMGN,2016-12,-471.00M,38.08B,1.067B,4.403B,2.61,2.59,25.03B,0,4.898B,2016-12,2.745B,1.935B,-202.00M,-202.00M,4.961B,2.436B,30.19B,2.485B,5.881B,2.283B,348.00M,1.078B,5.965B,1.323B,29.88B,77.63B,30.78B,46.01B,11.20B,47.75B,31.62B,36.55B,2.413B,1.766B,3.165B
AMGN,2016-09,-139.00M,37.98B,1.027B,4.797B,2.7,2.68,25.49B,0,4.784B,2016-09,2.681B,2.017B,-109.00M,-109.00M,4.912B,2.412B,30.53B,2.527B,5.745B,2.418B,401.00M,990.00M,5.811B,1.244B,30.77B,78.15B,30.69B,45.84B,10.54B,47.38B,32.31B,36.84B,2.257B,825.00M,3.186B
AMGN,2016-06,-106.00M,35.03B,1.05B,5.294B,2.49,2.47,25.87B,0,4.638B,2016-06,2.671B,1.87B,-176.00M,-176.00M,4.884B,2.598B,27.93B,2.38B,5.536B,2.204B,334.00M,900.00M,5.688B,1.292B,30.13B,75.47B,30.60B,42.95B,10.83B,45.34B,32.52B,34.51B,2.258B,870.00M,3.078B
AMGN,2016-03,-268.00M,34.74B,1.018B,2.247B,2.52,2.5,26.25B,0,4.509B,2016-03,2.572B,1.90B,-144.00M,-144.00M,4.885B,2.202B,32.06B,2.402B,6.276B,2.258B,358.00M,872.00M,5.527B,1.203B,28.68B,75.12B,30.59B,42.21B,8.523B,46.43B,32.91B,37.91B,2.107B,818.00M,3.078B
AMGN,2015-12,-480.00M,31.38B,1.071B,2.247B,2.39,2.37,26.43B,12.17B,4.465B,2015-12,2.435B,1.80B,-120.00M,-120.00M,4.907B,2.239B,29.18B,2.033B,5.501B,1.913B,113.00M,1.093B,5.536B,1.416B,28.08B,71.45B,30.65B,38.52B,8.664B,43.37B,32.93B,34.70B,2.432B,1.719B,2.995B
AMGN,2015-09,-237.00M,31.12B,1.034B,1.25B,2.46,2.44,26.29B,12.26B,4.689B,2015-09,2.531B,1.863B,-147.00M,-147.00M,4.988B,3.109B,30.51B,2.339B,5.915B,2.192B,329.00M,1.119B,5.723B,1.244B,27.97B,71.87B,30.56B,38.84B,7.165B,43.90B,33.02B,36.74B,2.35B,1.067B,2.901B
AMGN,2015-06,-68.00M,29.99B,1.089B,1.25B,2.18,2.15,26.71B,12.29B,4.281B,2015-06,2.567B,1.653B,-79.00M,-79.00M,5.05B,3.227B,30.70B,2.076B,5.641B,1.997B,344.00M,964.00M,5.37B,1.16B,27.48B,71.21B,30.46B,37.74B,6.891B,43.72B,33.47B,36.83B,2.205B,934.00M,2.779B
AMGN,2015-03,137.00M,27.12B,1.033B,500.00M,2.13,2.11,26.99B,0,4.00B,2015-03,2.686B,1.623B,-146.00M,-146.00M,5.123B,3.33B,29.84B,2.022B,5.836B,1.876B,253.00M,894.00M,5.033B,1.026B,26.51B,68.95B,30.42B,35.06B,6.336B,42.45B,33.89B,36.11B,1.978B,888.00M,2.548B
AMGN,2014-12,-8.00M,27.03B,1.183B,500.00M,1.7,1.68,27.48B,0,4.148B,2014-12,2.647B,1.294B,-173.00M,-173.00M,5.223B,3.461B,30.22B,1.459B,5.588B,1.286B,-8.00M,1.234B,5.331B,1.327B,25.78B,69.01B,30.41B,34.71B,7.008B,43.23B,34.30B,36.22B,2.689B,1.596B,2.546B
AMGN,2014-09,-104.00M,28.08B,1.068B,2.50B,1.63,1.61,27.92B,0,3.963B,2014-09,2.885B,1.244B,-129.00M,-129.00M,5.267B,3.498B,30.48B,1.466B,6.051B,1.337B,93.00M,1.018B,5.031B,1.213B,25.32B,70.78B,30.13B,36.05B,8.551B,45.45B,34.73B,36.90B,2.497B,955.00M,2.355B
AMGN,2014-06,-123.00M,26.19B,1.081B,2.50B,2.04,2.01,28.34B,0,4.099B,2014-06,2.954B,1.547B,-144.00M,-144.00M,5.371B,0,30.83B,1.902B,5.366B,1.758B,211.00M,1.018B,5.18B,1.136B,24.38B,69.53B,29.98B,34.33B,7.866B,45.15B,35.21B,37.29B,2.197B,982.00M,2.697B
AMGN,2014-03,-126.00M,19.80B,1.09B,2.505B,1.42,1.4,28.40B,0,3.431B,2014-03,2.966B,1.073B,-160.00M,-160.00M,5.365B,0,29.52B,1.364B,5.698B,1.204B,131.00M,1.027B,4.521B,1.023B,22.74B,67.00B,29.89B,28.30B,8.203B,44.26B,38.70B,36.06B,2.067B,949.00M,2.514B
AMGN,2013-12,-161.00M,19.40B,1.029B,2.505B,1.35,1.33,28.23B,0,3.982B,2013-12,3.019B,1.021B,-173.00M,-173.00M,5.349B,0,29.62B,1.187B,4.439B,1.014B,-7.00M,1.249B,5.011B,1.521B,22.10B,66.12B,29.89B,27.37B,7.947B,44.03B,38.76B,36.08B,2.795B,1.247B,2.697B
AMGN,2013-09,-97.00M,22.56B,788.00M,11.00M,1.81,1.79,16.25B,0,3.96B,2013-09,2.838B,1.368B,-185.00M,-185.00M,5.283B,0,27.18B,1.688B,4.832B,1.503B,135.00M,989.00M,4.748B,1.249B,21.73B,57.07B,29.66B,30.68B,4.843B,35.34B,26.40B,30.50B,2.272B,895.00M,3.23B
AMGN,2013-06,-71.00M,22.02B,785.00M,7.00M,1.67,1.65,16.35B,11.95B,3.894B,2013-06,2.773B,1.258B,-145.00M,-145.00M,5.293B,0,23.91B,1.55B,4.777B,1.405B,147.00M,967.00M,4.679B,1.256B,20.59B,52.61B,29.52B,29.67B,4.784B,32.02B,22.94B,27.23B,2.344B,1.006B,2.674B
AMGN,2013-03,137.00M,21.27B,744.00M,7.00M,1.91,1.88,16.50B,11.78B,3.494B,2013-03,2.737B,1.434B,-99.00M,-99.00M,5.296B,0,23.88B,1.442B,5.135B,1.343B,-91.00M,878.00M,4.238B,1.158B,19.49B,51.64B,29.46B,28.70B,5.142B,32.15B,22.94B,27.01B,2.052B,940.00M,2.528B
AMGN,2012-12,146.00M,24.06B,922.00M,2.495B,1.03,1.01,16.63B,11.64B,3.499B,2012-12,2.744B,788.00M,-165.00M,-165.00M,5.326B,0,24.03B,1.088B,4.686B,923.00M,135.00M,938.00M,4.421B,1.373B,19.06B,54.30B,29.34B,31.21B,8.191B,35.24B,23.09B,27.05B,2.411B,1.26B,2.518B
AMGN,2012-09,147.00M,25.37B,775.00M,2.458B,1.44,1.41,16.27B,11.29B,3.544B,2012-09,2.769B,1.107B,-160.00M,-160.00M,5.381B,0,24.02B,1.423B,5.909B,1.263B,156.00M,880.00M,4.319B,1.131B,19.90B,55.45B,29.10B,32.60B,8.367B,35.55B,22.84B,27.18B,2.121B,878.00M,2.696B
AMGN,2012-06,151.00M,22.48B,752.00M,2.416B,1.63,1.61,23.09B,11.23B,3.725B,2012-06,2.592B,1.266B,-132.00M,-132.00M,5.437B,0,21.96B,1.589B,5.616B,1.457B,191.00M,826.00M,4.477B,1.231B,19.24B,52.23B,28.47B,29.56B,8.032B,32.99B,22.66B,24.96B,2.136B,884.00M,2.708B
AMGN,2012-03,106.00M,19.37B,750.00M,2.381B,1.5,1.48,22.64B,10.99B,3.298B,2012-03,2.499B,1.184B,-111.00M,-111.00M,5.392B,0,19.03B,1.477B,5.917B,1.366B,182.00M,736.00M,4.048B,1.079B,18.87B,49.25B,28.21B,26.86B,8.298B,30.38B,22.40B,22.08B,1.821B,891.00M,2.988B
AMGN,2011-12,171.00M,20.64B,937.00M,84.00M,1.09,1.08,14.33B,11.02B,3.036B,2011-12,2.484B,934.00M,-111.00M,-111.00M,5.42B,0,21.34B,1.162B,4.754B,1.051B,117.00M,851.00M,3.973B,1.221B,19.03B,48.87B,27.78B,27.59B,5.754B,29.84B,21.28B,24.09B,1.874B,642.00M,2.896B
AMGN,2011-09,118.00M,17.68B,605.00M,384.00M,0.5,0.5,14.45B,10.76B,3.339B,2011-09,2.357B,454.00M,-71.00M,-71.00M,5.391B,0,13.88B,525.00M,4.931B,454.00M,0,761.00M,3.944B,1.125B,23.55B,45.76B,27.60B,24.43B,5.315B,22.21B,21.34B,16.90B,2.814B,734.00M,2.725B
AMGN,2011-06,45.00M,19.17B,602.00M,83.00M,1.26,1.25,14.58B,0,3.357B,2011-06,2.23B,1.17B,7.00M,7.00M,5.516B,0,13.85B,1.332B,4.499B,1.339B,169.00M,819.00M,3.959B,1.13B,25.61B,46.94B,27.51B,25.48B,4.582B,21.32B,21.46B,16.74B,2.025B,870.00M,2.713B
AMGN,2011-03,-9.00M,15.36B,564.00M,83.00M,1.21,1.2,14.31B,0,3.142B,2011-03,2.098B,1.125B,13.00M,13.00M,5.455B,0,10.82B,1.293B,4.166B,1.306B,181.00M,736.00M,3.706B,1.023B,24.98B,42.71B,27.38B,21.69B,4.249B,17.73B,21.02B,13.48B,1.849B,832.00M,2.517B
