Ticker,Date,Accrued Comprehensive Inc,Cash and Short Term Investments,Current Debt & Capital Lease Obligation,EPS Basic,EPS Diluted,Income (Quarterly),Net Income,Net Loan Assets,Net Non-Operating Interest Income Expense,Net Operating Interest Income,Non-Current Deferred Liabilities,Non-Current Portion of LTD and Capital Lease Obligation,Payables and Accrued Expenses,Pre-Tax Income,Provision for Income Taxes,Revenue,SG&A Expense,Shareholders Equity,Total Assets,Total Capital Stock,Total Current Assets,Total Current Liabilities,Total Liabilities,Total Long Term Assets,Total Long Term Liabilities,Total Operating Expenses,Total Payables,Total Receivables
AMP,2020-12,629.00M,43.13B,200.00M,1.52,1.47,2020-12,177.00M,5.473B,-44.00M,-44.00M,17.64B,4.744B,1.998B,190.00M,13.00M,3.189B,1.924B,5.867B,165.88B,3.00M,50.96B,2.198B,160.02B,52.32B,43.39B,1.924B,0,7.835B
AMP,2020-09,516.00M,43.63B,200.00M,-1.14,-1.14,2020-09,-140.00M,3.619B,-47.00M,-47.00M,16.82B,4.734B,1.77B,-184.00M,-44.00M,3.013B,1.791B,6.067B,158.69B,3.00M,51.02B,1.97B,152.62B,49.44B,42.02B,1.791B,0,7.392B
AMP,2020-06,394.00M,42.14B,200.00M,-4.31,-4.31,2020-06,-539.00M,5.15B,-59.00M,-59.00M,16.07B,4.324B,1.65B,-526.00M,13.00M,2.73B,1.716B,6.50B,154.90B,3.00M,49.44B,1.85B,148.40B,50.19B,40.08B,1.716B,0,7.295B
AMP,2020-03,-295.00M,40.68B,200.00M,16.11,15.88,2020-03,2.036B,5.038B,-71.00M,-71.00M,17.01B,3.72B,1.427B,2.351B,315.00M,3.026B,1.748B,6.693B,145.68B,3.00M,47.86B,1.627B,138.99B,48.02B,40.48B,1.748B,0,7.188B
AMP,2019-12,262.00M,36.96B,201.00M,3.59,3.53,2019-12,463.00M,5.243B,-80.00M,-80.00M,14.43B,4.725B,1.884B,534.00M,71.00M,3.104B,1.83B,5.729B,151.83B,3.00M,44.17B,2.085B,146.10B,47.08B,38.95B,1.83B,0,7.21B
AMP,2019-09,337.00M,36.36B,201.00M,4.09,4.04,2019-09,543.00M,5.208B,-86.00M,-86.00M,13.44B,4.771B,1.783B,641.00M,98.00M,3.351B,1.791B,5.997B,149.51B,3.00M,43.71B,1.984B,143.52B,44.73B,38.03B,1.791B,0,7.348B
AMP,2019-06,269.00M,35.00B,201.00M,3.61,3.57,2019-06,492.00M,5.216B,-96.00M,-96.00M,13.27B,4.811B,1.686B,587.00M,95.00M,3.282B,1.771B,6.03B,148.68B,3.00M,42.44B,1.887B,142.65B,43.70B,37.90B,1.771B,0,7.435B
AMP,2019-03,35.00M,32.11B,201.00M,2.85,2.82,2019-03,395.00M,3.498B,-88.00M,-88.00M,11.52B,5.125B,1.596B,470.00M,75.00M,3.153B,1.705B,5.843B,144.40B,3.00M,39.57B,1.797B,138.56B,39.73B,36.50B,1.705B,0,7.462B
AMP,2018-12,-291.00M,34.16B,201.00M,3.81,3.76,2018-12,539.00M,5.248B,-93.00M,-93.00M,11.54B,4.61B,1.862B,652.00M,113.00M,3.208B,1.702B,5.588B,137.22B,3.00M,40.34B,2.063B,131.63B,43.11B,36.10B,1.702B,0,6.185B
AMP,2018-09,-244.00M,33.32B,201.00M,3.48,3.43,2018-09,503.00M,3.538B,-74.00M,-74.00M,10.76B,4.24B,1.867B,588.00M,85.00M,3.316B,1.722B,5.618B,145.19B,3.00M,39.36B,2.068B,139.57B,42.21B,35.02B,1.722B,0,6.047B
AMP,2018-06,-179.00M,33.04B,201.00M,3.14,3.1,2018-06,462.00M,4.814B,-100.00M,-100.00M,10.43B,4.291B,1.749B,548.00M,86.00M,3.216B,1.69B,5.632B,143.27B,3.00M,38.97B,1.95B,137.64B,42.84B,34.78B,1.69B,0,5.93B
AMP,2018-03,-5.00M,32.52B,201.00M,3.97,3.91,2018-03,594.00M,5.607B,-67.00M,-67.00M,10.24B,5.055B,1.609B,696.00M,102.00M,3.184B,1.694B,5.84B,144.76B,3.00M,38.40B,1.81B,138.92B,43.86B,35.42B,1.694B,0,5.88B
AMP,2017-12,229.00M,33.55B,200.00M,1.2,1.18,2017-12,177.00M,5.67B,-67.00M,-67.00M,10.30B,5.097B,1.975B,595.00M,418.00M,3.194B,1.726B,5.995B,147.48B,3.00M,39.33B,2.175B,141.48B,44.48B,35.65B,1.726B,0,5.787B
AMP,2017-09,312.00M,33.33B,201.00M,3.31,3.26,2017-09,507.00M,5.986B,-64.00M,-64.00M,10.43B,5.169B,1.728B,633.00M,126.00M,3.026B,1.631B,6.305B,145.49B,3.00M,39.08B,1.929B,139.18B,44.61B,35.93B,1.631B,0,5.751B
AMP,2017-06,299.00M,33.21B,200.00M,2.53,2.5,2017-06,393.00M,6.019B,-64.00M,-64.00M,10.20B,5.216B,1.60B,511.00M,118.00M,3.024B,1.598B,6.25B,143.14B,3.00M,38.73B,1.80B,136.89B,44.20B,35.83B,1.598B,0,5.519B
AMP,2017-03,219.00M,32.76B,200.00M,2.56,2.52,2017-03,403.00M,5.993B,-60.00M,-60.00M,10.32B,5.252B,1.47B,475.00M,72.00M,2.936B,1.60B,6.227B,140.86B,3.00M,38.13B,1.67B,134.63B,43.71B,36.06B,1.60B,0,5.372B
AMP,2016-12,200.00M,33.20B,200.00M,2.49,2.46,2016-12,399.00M,6.015B,-91.00M,-91.00M,10.04B,5.236B,1.727B,468.00M,69.00M,3.176B,1.692B,6.292B,139.82B,3.00M,38.52B,1.927B,133.53B,44.53B,35.89B,1.692B,0,5.31B
AMP,2016-09,595.00M,34.13B,200.00M,1.31,1.3,2016-09,215.00M,6.294B,-64.00M,-64.00M,9.442B,5.644B,1.498B,238.00M,23.00M,3.01B,1.529B,6.796B,143.62B,3.00M,39.46B,1.698B,136.83B,46.68B,35.69B,1.529B,0,5.336B
AMP,2016-06,638.00M,33.21B,200.00M,1.99,1.97,2016-06,335.00M,6.37B,-61.00M,-61.00M,9.132B,5.201B,1.337B,410.00M,75.00M,2.879B,1.566B,7.089B,142.68B,3.00M,38.40B,1.537B,135.60B,47.48B,34.91B,1.566B,0,5.19B
AMP,2016-03,442.00M,32.28B,200.00M,2.11,2.09,2016-03,364.00M,6.312B,-64.00M,-64.00M,8.876B,5.356B,1.254B,475.00M,111.00M,2.774B,1.497B,7.093B,140.25B,3.00M,37.57B,1.454B,133.16B,45.14B,34.83B,1.497B,0,5.295B
AMP,2015-12,253.00M,31.53B,200.00M,2.02,2,2015-12,357.00M,10.45B,-125.00M,-125.00M,8.634B,10.22B,1.652B,446.00M,66.00M,3.112B,1.61B,7.191B,145.34B,3.00M,36.81B,1.852B,136.96B,49.86B,39.51B,1.61B,0,5.274B
AMP,2015-09,461.00M,32.86B,200.00M,2.2,2.17,2015-09,397.00M,10.78B,-105.00M,-105.00M,8.046B,10.94B,1.497B,463.00M,111.00M,2.893B,1.55B,7.629B,145.32B,3.00M,38.14B,1.697B,136.50B,51.20B,39.77B,1.55B,0,5.289B
AMP,2015-06,500.00M,32.47B,200.00M,2.26,2.23,2015-06,415.00M,10.40B,-96.00M,-96.00M,7.82B,10.41B,1.394B,615.00M,139.00M,3.135B,1.627B,7.875B,148.81B,3.00M,37.74B,1.594B,139.81B,50.35B,39.18B,1.627B,0,5.267B
AMP,2015-03,704.00M,33.30B,200.00M,2.11,2.08,2015-03,393.00M,9.89B,-91.00M,-91.00M,7.878B,9.845B,1.321B,618.00M,139.00M,3.06B,1.571B,8.195B,151.45B,3.00M,38.44B,1.521B,142.19B,51.99B,39.06B,1.571B,0,5.14B
AMP,2014-12,662.00M,33.06B,200.00M,2.26,2.22,2014-12,425.00M,10.02B,-98.00M,-98.00M,7.664B,9.929B,1.523B,558.00M,104.00M,3.096B,1.602B,8.124B,148.81B,3.00M,38.08B,1.723B,139.50B,50.94B,39.38B,1.602B,0,5.027B
AMP,2014-09,746.00M,33.41B,200.00M,2.21,2.17,2014-09,420.00M,9.508B,-86.00M,-86.00M,7.513B,9.453B,1.461B,720.00M,155.00M,3.118B,1.57B,8.26B,147.19B,3.00M,38.31B,1.661B,137.85B,50.33B,38.92B,1.57B,0,4.895B
AMP,2014-06,920.00M,33.34B,200.00M,1.94,1.91,2014-06,374.00M,9.504B,-86.00M,-86.00M,7.285B,9.195B,1.321B,619.00M,152.00M,3.079B,1.615B,8.428B,149.16B,3.00M,38.25B,1.521B,139.48B,51.17B,38.60B,1.615B,0,4.909B
AMP,2014-03,746.00M,33.38B,300.00M,2.05,2.01,2014-03,400.00M,9.246B,-86.00M,-86.00M,7.211B,8.866B,1.228B,650.00M,134.00M,3.003B,1.544B,8.344B,145.96B,3.00M,38.09B,1.528B,136.52B,50.26B,38.51B,1.544B,0,4.714B
AMP,2013-12,595.00M,33.36B,500.00M,1.49,1.46,2013-12,296.00M,8.856B,-94.00M,-94.00M,7.062B,8.456B,1.429B,479.00M,97.00M,2.953B,1.557B,8.192B,144.58B,3.00M,37.97B,1.929B,135.34B,49.49B,38.25B,1.557B,0,4.61B
AMP,2013-09,605.00M,33.55B,500.00M,1.9,1.86,2013-09,382.00M,8.499B,-76.00M,-76.00M,6.744B,8.189B,1.417B,602.00M,154.00M,2.821B,1.461B,8.325B,140.21B,3.00M,38.05B,1.917B,131.04B,48.52B,37.79B,1.461B,0,4.503B
AMP,2013-06,625.00M,33.40B,501.00M,1.57,1.54,2013-06,321.00M,8.469B,-68.00M,-68.00M,6.586B,7.649B,1.298B,402.00M,120.00M,2.757B,1.507B,8.34B,137.26B,3.00M,38.05B,1.799B,128.28B,48.57B,14.24B,1.507B,0,4.651B
AMP,2013-03,1.084B,34.09B,500.00M,1.61,1.58,2013-03,335.00M,8.219B,-74.00M,-74.00M,6.494B,7.537B,1.053B,487.00M,121.00M,2.699B,1.456B,8.96B,137.30B,3.00M,38.47B,1.553B,127.68B,48.55B,14.03B,1.456B,0,4.383B
AMP,2012-12,1.194B,34.42B,501.00M,1.85,1.81,2012-12,389.00M,8.285B,-77.00M,-77.00M,6.526B,7.384B,1.324B,418.00M,87.00M,2.684B,1.448B,9.092B,134.73B,3.00M,38.74B,1.825B,125.02B,49.03B,36.93B,1.448B,0,4.315B
AMP,2012-09,1.267B,3.932B,500.00M,0.8,0.79,2012-09,173.00M,3.293B,-79.00M,-79.00M,9.85B,7.634B,1.17B,199.00M,47.00M,2.479B,1.385B,9.157B,138.56B,3.00M,9.516B,1.67B,128.74B,51.69B,17.68B,1.385B,0,5.584B
AMP,2012-06,942.00M,3.272B,498.00M,1.01,0.99,2012-06,223.00M,3.301B,-82.00M,-82.00M,0,7.616B,1.002B,299.00M,128.00M,2.524B,1.426B,9.005B,135.27B,3.00M,8.809B,1.50B,125.66B,51.98B,17.70B,1.426B,0,5.537B
AMP,2012-03,851.00M,2.874B,504.00M,1.07,1.05,2012-03,244.00M,3.356B,-80.00M,-80.00M,0,2.381B,907.00M,322.00M,73.00M,2.572B,1.428B,9.115B,136.76B,3.00M,8.39B,1.411B,127.01B,51.44B,12.34B,1.428B,0,5.516B
AMP,2011-12,751.00M,37.76B,504.00M,1.03,1.01,2011-12,236.00M,8.773B,-107.00M,-107.00M,0,7.571B,1.065B,326.00M,58.00M,2.593B,1.347B,8.988B,132.31B,3.00M,42.20B,1.569B,122.61B,52.57B,17.42B,1.347B,0,4.44B
AMP,2011-09,636.00M,3.093B,504.00M,1.36,1.34,2011-09,324.00M,3.261B,-83.00M,-83.00M,0,7.933B,1.03B,326.00M,109.00M,2.467B,1.384B,10.27B,130.38B,3.00M,8.457B,1.534B,119.39B,46.91B,17.56B,1.384B,0,5.364B
AMP,2011-06,633.00M,3.007B,505.00M,1.28,1.25,2011-06,315.00M,3.26B,-86.00M,-86.00M,0,8.034B,1.072B,409.00M,118.00M,2.634B,1.433B,10.55B,135.14B,3.00M,8.342B,1.577B,123.91B,43.70B,17.46B,1.433B,0,5.335B
AMP,2011-03,542.00M,3.366B,497.00M,0.96,0.94,2011-03,241.00M,3.277B,-88.00M,-88.00M,0,8.01B,907.00M,386.00M,92.00M,2.545B,1.405B,10.55B,133.83B,3.00M,8.955B,1.404B,122.64B,42.57B,16.92B,1.405B,0,5.589B
