Ticker,Date,Accrued Comprehensive Inc,Cash and Short Term Investments,Cost of Goods Sold,Current Debt & Capital Lease Obligation,Current Deferred Liabilities,EPS Basic,EPS Diluted,Goodwill and Intangibles,Gross PP&E,Gross Profit,Income (Quarterly),Inventories,Net Income,Net Non-Operating Interest Income Expense,Net Operating Interest Income,Net PP&E,Non-Current Deferred Liabilities,Non-Current Portion of LTD and Capital Lease Obligation,Operating Income,Payables and Accrued Expenses,Pre-Tax Income,Provision for Income Taxes,Research and Development Expense,Revenue,SG&A Expense,Shareholders Equity,Total Assets,Total Capital Stock,Total Current Assets,Total Current Liabilities,Total Liabilities,Total Long Term Assets,Total Long Term Liabilities,Total Operating Expenses,Total Payables,Total Receivables
AMT,2020-12,-3.759B,1.746B,572.60M,1.330B,390.60M,0.82,0.82,21.12B,28.46B,1.550B,2020-12,0,365.10M,-184.60M,-184.60M,20.60B,1.436B,35.38B,914.40M,1.935B,419.70M,58.10M,0,2.122B,196.30M,4.094B,47.23B,4.60M,2.906B,3.656B,42.67B,44.33B,39.01B,635.50M,1.049B,754.80M
AMT,2020-09,-4.191B,1.626B,562.60M,1.259B,324.40M,1.05,1.04,17.37B,18.90B,1.450B,2020-09,0,464.40M,-181.20M,-181.20M,18.90B,770.40M,30.44B,785.10M,1.683B,502.20M,39.30M,0,2.013B,176.00M,3.732B,41.46B,4.50M,2.852B,3.266B,37.27B,38.61B,34.01B,665.20M,974.50M,744.20M
AMT,2020-06,-4.274B,2.038B,540.00M,3.860B,400.20M,1.01,1,17.44B,18.48B,1.373B,2020-06,0,446.10M,-189.30M,-189.30M,18.48B,804.20M,27.94B,691.30M,1.684B,459.50M,11.10M,0,1.913B,188.60M,3.620B,41.52B,4.50M,3.227B,5.945B,37.46B,38.29B,31.51B,681.70M,903.70M,732.30M
AMT,2020-03,-4.272B,1.326B,552.00M,3.117B,408.50M,0.94,0.93,17.55B,18.42B,1.441B,2020-03,0,415.00M,-198.70M,-198.70M,18.42B,731.00M,28.08B,736.80M,1.629B,439.70M,21.10M,0,1.993B,217.80M,3.634B,40.79B,4.50M,2.505B,5.154B,36.72B,38.28B,31.57B,704.30M,940.70M,785.00M
AMT,2019-12,-2.824B,1.501B,550.20M,3.423B,294.30M,1.27,1.26,18.50B,26.68B,1.374B,2019-12,0,562.70M,-190.40M,-190.40M,19.44B,1.294B,27.64B,800.60M,1.771B,468.90M,-100.50M,0,1.924B,179.60M,5.055B,42.80B,4.50M,2.554B,5.488B,37.31B,40.25B,31.82B,572.90M,934.30M,675.80M
AMT,2019-09,-2.979B,1.353B,559.90M,2.919B,302.90M,1.13,1.12,16.38B,25.52B,1.394B,2019-09,0,498.60M,-189.10M,-189.10M,18.50B,538.50M,25.49B,728.30M,1.566B,542.00M,36.70M,0,1.954B,187.90M,5.240B,39.31B,4.50M,2.362B,4.787B,33.51B,36.95B,28.72B,665.40M,863.90M,630.70M
AMT,2019-06,-2.607B,1.192B,563.30M,2.939B,334.80M,0.97,0.96,16.45B,25.27B,1.326B,2019-06,0,429.10M,-192.80M,-192.80M,18.38B,546.20M,24.95B,683.90M,1.548B,463.90M,29.60M,0,1.890B,164.80M,5.478B,39.07B,4.50M,2.232B,4.822B,33.03B,36.84B,28.21B,642.40M,845.70M,656.90M
AMT,2019-03,-2.672B,1.023B,543.40M,2.596B,293.00M,0.9,0.89,16.58B,24.95B,1.27B,2019-03,0,397.40M,-195.10M,-195.10M,18.28B,510.80M,25.42B,614.90M,1.523B,441.60M,34.00M,0,1.813B,198.10M,5.347B,38.93B,4.50M,2.062B,4.412B,33.03B,36.86B,28.61B,655.10M,821.20M,689.40M
AMT,2018-12,-2.643B,1.209B,540.90M,2.755B,304.10M,0.63,0.62,16.68B,17.72B,1.591B,2018-12,0,277.60M,-198.00M,-198.00M,11.25B,1.547B,18.41B,868.50M,1.631B,197.30M,-95.40M,0,2.132B,192.50M,5.336B,33.01B,4.50M,2.385B,4.690B,27.11B,30.63B,22.42B,722.50M,829.30M,671.40M
AMT,2018-09,-2.696B,1.095B,556.70M,2.841B,276.60M,0.83,0.83,16.95B,11.00B,1.229B,2018-09,0,366.90M,-198.50M,-198.50M,11.00B,706.20M,18.42B,567.20M,1.462B,389.80M,12.50M,0,1.786B,177.90M,5.351B,33.08B,4.50M,2.437B,4.580B,27.15B,30.64B,22.57B,661.60M,713.00M,744.10M
AMT,2018-06,-2.510B,915.30M,560.30M,2.792B,328.60M,0.69,0.69,17.28B,11.07B,1.221B,2018-06,0,306.70M,-192.90M,-192.90M,11.07B,752.20M,18.32B,546.00M,1.442B,318.30M,3.90M,0,1.781B,157.90M,5.551B,33.21B,4.50M,2.127B,4.563B,27.08B,31.08B,22.52B,674.60M,704.70M,724.70M
AMT,2018-03,-1.835B,1.515B,519.90M,2.803B,331.40M,0.63,0.63,17.59B,11.29B,1.222B,2018-03,0,285.20M,-181.50M,-181.50M,11.29B,791.70M,18.57B,402.90M,1.410B,249.20M,-31.10M,0,1.742B,204.90M,6.334B,34.37B,4.50M,2.797B,4.545B,27.43B,31.58B,22.89B,819.00M,743.80M,732.20M
AMT,2017-12,-1.978B,803.10M,526.90M,774.80M,268.80M,0.51,0.51,17.42B,16.95B,1.178B,2017-12,0,238.50M,-178.70M,-178.70M,11.10B,1.874B,19.43B,329.00M,1.468B,141.40M,-53.40M,0,1.704B,171.10M,6.242B,33.21B,4.40M,2.038B,2.512B,26.39B,31.18B,23.87B,848.60M,703.10M,685.70M
AMT,2017-09,-1.839B,800.50M,519.80M,687.38M,288.88M,0.7,0.69,16.95B,10.80B,1.161B,2017-09,0,317.30M,-177.70M,-177.70M,10.80B,976.72M,18.58B,561.10M,1.284B,368.10M,33.40M,0,1.681B,148.00M,6.518B,32.32B,4.389M,1.964B,2.260B,25.21B,30.36B,22.95B,599.80M,649.48M,644.96M
AMT,2017-06,-1.849B,771.04M,517.20M,1.732B,283.49M,0.81,0.8,17.10B,10.73B,1.145B,2017-06,0,367.00M,-175.90M,-175.90M,10.73B,950.30M,17.51B,576.90M,1.263B,412.40M,23.90M,0,1.662B,153.10M,6.483B,32.14B,4.386M,1.803B,3.279B,25.09B,30.34B,21.81B,568.40M,602.31M,477.39M
AMT,2017-03,-1.759B,718.07M,492.70M,1.707B,284.22M,0.68,0.67,17.21B,10.72B,1.124B,2017-03,0,316.10M,-171.10M,-171.10M,10.72B,952.89M,17.18B,531.40M,1.218B,334.20M,26.80M,0,1.616B,164.80M,6.852B,32.06B,4.383M,1.711B,3.209B,24.67B,30.35B,21.46B,592.10M,569.12M,481.49M
AMT,2016-12,-1.999B,791.20M,488.01M,238.80M,245.40M,0.48,0.47,16.35B,15.65B,1.052B,2016-12,0,229.18M,-174.11M,-174.11M,10.52B,1.642B,18.29B,489.27M,1.147B,293.72M,60.83M,0,1.540B,138.31M,6.764B,30.88B,4.40M,1.690B,1.631B,23.90B,29.19B,22.27B,562.31M,552.60M,397.70M
AMT,2016-09,-1.876B,530.36M,491.24M,242.99M,254.34M,0.56,0.55,16.56B,10.45B,1.024B,2016-09,0,264.51M,-181.04M,-181.04M,10.45B,792.14M,18.44B,479.07M,1.022B,285.77M,22.04M,0,1.515B,131.54M,6.707B,30.66B,4.358M,1.371B,1.520B,23.88B,29.28B,22.36B,544.53M,459.48M,358.35M
AMT,2016-06,-1.771B,410.54M,459.71M,314.06M,224.31M,0.38,0.37,16.57B,10.58B,982.52M,2016-06,0,187.55M,-171.82M,-171.82M,10.58B,745.94M,18.40B,432.81M,1.117B,235.97M,43.51M,0,1.442B,138.23M,6.774B,30.74B,4.354M,1.321B,1.656B,23.90B,29.42B,22.24B,549.71M,527.31M,376.80M
AMT,2016-03,-1.611B,336.40M,351.44M,137.85M,222.39M,0.59,0.58,13.94B,9.918B,937.60M,2016-03,0,275.16M,-153.63M,-153.63M,9.918B,0,16.88B,451.85M,837.92M,310.43M,29.12M,0,1.289B,135.32M,6.933B,27.06B,4.347M,1.037B,1.198B,20.06B,26.03B,18.87B,485.75M,394.27M,275.31M
AMT,2015-12,-1.837B,320.69M,356.31M,50.20M,211.00M,0.49,0.48,13.93B,14.40B,923.71M,2015-12,0,232.73M,-142.09M,-142.09M,9.866B,906.71M,17.07B,402.14M,938.83M,247.52M,25.94M,0,1.280B,143.34M,6.652B,26.90B,4.341M,996.47M,1.200B,20.19B,25.91B,18.99B,521.58M,452.96M,291.77M
AMT,2015-09,-1.833B,301.89M,365.39M,45.85M,203.30M,0.18,0.18,14.07B,9.806B,872.52M,2015-09,0,103.00M,-142.29M,-142.29M,9.806B,719.25M,16.98B,400.92M,1.120B,191.98M,94.24M,0,1.238B,114.83M,6.618B,26.93B,4.337M,940.36M,1.370B,20.24B,25.99B,18.87B,471.60M,370.78M,258.76M
AMT,2015-06,-1.229B,315.09M,322.46M,38.81M,193.51M,0.31,0.3,13.89B,9.586B,851.92M,2015-06,0,156.06M,-141.44M,-141.44M,9.586B,551.61M,16.19B,389.77M,804.30M,171.14M,13.96M,0,1.174B,116.34M,7.311B,26.47B,4.334M,940.58M,1.037B,19.10B,25.53B,18.06B,462.14M,346.91M,265.48M
AMT,2015-03,-1.206B,337.79M,264.64M,789.15M,220.45M,0.45,0.45,13.52B,9.423B,814.55M,2015-03,0,193.32M,-142.37M,-142.37M,9.423B,0,14.93B,419.97M,721.81M,219.36M,23.87M,0,1.079B,123.29M,7.352B,25.93B,4.333M,925.82M,1.731B,18.50B,25.00B,16.77B,394.58M,316.86M,224.47M
AMT,2014-12,-794.22M,319.79M,277.02M,897.39M,233.82M,0.43,0.42,10.86B,11.66B,769.30M,2014-12,0,180.39M,-139.00M,-139.00M,7.590B,0,13.64B,345.98M,798.33M,194.22M,12.63M,0,1.046B,129.10M,3.954B,21.26B,4.055M,957.87M,1.930B,17.21B,20.31B,15.28B,423.32M,311.44M,247.65M
AMT,2014-09,-504.34M,324.62M,284.20M,960.46M,190.62M,0.5,0.5,10.26B,7.552B,753.99M,2014-09,0,207.59M,-136.70M,-136.70M,7.552B,0,12.97B,384.81M,786.84M,217.06M,10.43M,0,1.038B,108.91M,4.195B,20.60B,4.052M,996.94M,1.938B,16.41B,19.60B,14.47B,369.18M,323.30M,245.71M
AMT,2014-06,-250.92M,298.26M,272.28M,1.226B,204.44M,0.58,0.58,10.49B,7.590B,759.18M,2014-06,0,234.43M,-141.29M,-141.29M,7.590B,0,12.75B,402.50M,812.82M,243.46M,21.80M,0,1.031B,98.50M,4.406B,20.85B,4.048M,998.44M,2.243B,16.44B,19.85B,14.20B,356.68M,338.10M,228.21M
AMT,2014-03,-272.41M,367.87M,260.77M,325.17M,215.43M,0.51,0.51,10.36B,7.344B,723.32M,2014-03,0,202.50M,-138.69M,-138.69M,7.344B,0,14.01B,353.64M,734.41M,210.96M,17.65M,0,984.09M,110.03M,3.671B,20.42B,3.984M,1.043B,1.275B,16.72B,19.37B,15.44B,369.68M,300.96M,281.92M
AMT,2013-12,-311.22M,312.19M,251.57M,70.13M,162.08M,0.25,0.25,10.42B,10.84B,690.40M,2013-12,0,99.98M,-123.58M,-123.58M,7.178B,0,14.41B,292.93M,700.45M,110.10M,36.18M,0,941.97M,116.81M,3.534B,20.28B,3.976M,986.09M,932.66M,16.69B,19.30B,15.76B,397.47M,228.04M,253.59M
AMT,2013-09,-298.02M,4.068B,200.83M,67.28M,138.42M,0.46,0.45,6.010B,5.879B,607.05M,2013-09,0,180.12M,-100.45M,-100.45M,5.879B,0,12.58B,308.88M,617.62M,178.81M,15.59M,0,807.88M,97.78M,3.529B,18.18B,3.973M,4.742B,823.32M,14.57B,13.44B,13.75B,298.17M,248.75M,197.25M
AMT,2013-06,-274.26M,462.70M,205.71M,57.35M,142.31M,0.25,0.25,6.047B,5.811B,603.12M,2013-06,0,99.82M,-95.82M,-95.82M,5.811B,418.53M,8.799B,312.81M,581.38M,72.67M,-11.45M,0,808.83M,99.80M,3.518B,14.34B,3.969M,946.05M,781.04M,10.72B,13.39B,9.938B,290.31M,242.64M,181.30M
AMT,2013-03,-158.04M,454.71M,201.77M,57.60M,148.40M,0.43,0.43,6.171B,5.880B,600.96M,2013-03,0,171.41M,-106.51M,-106.51M,5.880B,351.86M,8.792B,299.69M,533.12M,180.17M,19.22M,0,802.73M,101.15M,3.672B,14.46B,3.966M,903.62M,739.12M,10.68B,13.56B,9.943B,301.28M,229.14M,161.86M
AMT,2012-12,-183.35M,374.64M,194.21M,60.03M,124.15M,0.34,0.34,6.049B,9.047B,574.17M,2012-12,0,135.68M,-99.07M,-99.07M,5.766B,0,8.693B,279.24M,448.00M,161.33M,43.19M,0,768.37M,89.41M,3.573B,14.09B,3.959M,836.27M,632.18M,10.41B,13.25B,9.773B,294.93M,126.58M,198.59M
AMT,2012-09,-164.08M,382.31M,184.90M,130.21M,133.90M,0.59,0.58,5.307B,7.889B,528.43M,2012-09,0,232.09M,-96.97M,-96.97M,5.243B,0,7.359B,295.55M,586.82M,244.88M,13.05M,0,713.34M,81.46M,3.557B,12.96B,3.956M,872.78M,850.92M,9.275B,12.09B,8.424B,232.88M,178.44M,148.81M
AMT,2012-06,-203.30M,511.43M,172.38M,127.87M,91.41M,0.12,0.12,5.285B,0,525.35M,2012-06,0,48.21M,-94.36M,-94.36M,5.080B,0,7.338B,270.49M,687.21M,57.50M,23.82M,0,697.73M,76.85M,3.358B,12.71B,3.952M,919.01M,906.49M,9.223B,11.79B,8.317B,254.86M,288.38M,99.18M
AMT,2012-03,-97.68M,504.08M,170.98M,127.32M,92.94M,0.56,0.56,5.291B,0,525.53M,2012-03,0,221.31M,-89.32M,-89.32M,5.007B,0,7.161B,274.45M,719.01M,237.59M,27.25M,0,696.52M,79.58M,3.479B,12.64B,3.946M,975.37M,939.27M,9.052B,11.66B,8.113B,251.09M,309.19M,105.12M
AMT,2011-12,-142.62M,352.46M,165.62M,101.82M,92.48M,0.52,0.51,5.171B,0,487.58M,2011-12,0,205.11M,-80.95M,-80.95M,4.982B,0,7.134B,247.74M,587.20M,159.52M,-36.90M,0,653.20M,73.90M,3.287B,12.24B,3.936M,775.16M,781.50M,8.832B,11.47B,8.051B,239.84M,262.86M,181.89M
AMT,2011-09,-87.07M,182.23M,168.93M,861.16M,95.85M,-0.04,-0.04,4.839B,0,461.47M,2011-09,0,-15.70M,-72.48M,-72.48M,4.126B,0,4.919B,228.30M,414.32M,4.953M,24.68M,0,630.40M,76.48M,3.263B,10.90B,4.884M,813.80M,1.371B,7.548B,10.08B,6.176B,233.16M,352.78M,100.06M
AMT,2011-06,62.47M,333.90M,151.08M,782.78M,125.47M,0.29,0.29,5.126B,0,446.16M,2011-06,0,115.21M,-68.21M,-68.21M,3.910B,0,5.388B,225.79M,401.63M,179.04M,65.88M,0,597.24M,72.32M,3.562B,10.97B,4.877M,912.08M,1.310B,7.374B,10.06B,6.064B,220.37M,339.93M,99.82M
AMT,2011-03,54.42M,373.52M,135.33M,178.10M,155.61M,0.23,0.23,5.110B,0,427.37M,2011-03,0,91.84M,-68.62M,-68.62M,3.771B,0,0,218.30M,492.69M,163.38M,71.42M,0,562.70M,66.13M,3.499B,10.76B,4.868M,951.42M,826.41M,7.250B,9.807B,6.423B,209.07M,431.41M,97.83M
