Ticker,Date,Accrued Comprehensive Inc,Cash and Short Term Investments,Cost of Goods Sold,Current Debt & Capital Lease Obligation,Current Deferred Liabilities,EPS Basic,EPS Diluted,Goodwill and Intangibles,Gross PP&E,Gross Profit,Income (Quarterly),Inventories,Net Income,Net Non-Operating Interest Income Expense,Net Operating Interest Income,Net PP&E,Non-Current Deferred Liabilities,Non-Current Portion of LTD and Capital Lease Obligation,Operating Income,Payables and Accrued Expenses,Pre-Tax Income,Provision for Income Taxes,Research and Development Expense,Revenue,SG&A Expense,Shareholders Equity,Total Assets,Total Capital Stock,Total Current Assets,Total Current Liabilities,Total Liabilities,Total Long Term Assets,Total Long Term Liabilities,Total Operating Expenses,Total Payables,Total Receivables
AMZN,2020-12,-180.00M,84.40B,97.76B,0,9.708B,14.38,14.09,20.00B,211.10B,27.80B,2020-12,23.80B,7.222B,-314.00M,-314.00M,150.67B,0,84.39B,6.873B,116.68B,7.765B,565.00M,12.05B,125.56B,9.371B,93.40B,321.20B,5.00M,132.73B,126.38B,227.79B,188.46B,101.41B,20.92B,72.54B,24.54B
AMZN,2020-09,-1.029B,68.40B,71.81B,0,9.251B,12.63,12.37,14.96B,134.10B,24.33B,2020-09,23.74B,6.331B,-310.00M,-310.00M,134.10B,0,81.52B,6.194B,92.66B,6.809B,569.00M,10.98B,96.14B,7.102B,82.78B,282.18B,5.00M,112.97B,101.91B,199.40B,169.21B,97.49B,18.14B,58.33B,20.83B
AMZN,2020-06,-1.455B,71.39B,66.47B,0,8.997B,10.5,10.3,14.75B,115.05B,22.45B,2020-06,19.60B,5.243B,-268.00M,-268.00M,115.05B,0,75.93B,5.843B,84.90B,6.221B,984.00M,10.39B,88.91B,5.925B,73.73B,258.31B,5.00M,110.91B,93.90B,184.59B,147.41B,90.69B,16.60B,51.04B,19.92B
AMZN,2020-03,-2.063B,49.29B,55.79B,0,8.864B,5.09,5.01,14.74B,104.06B,19.66B,2020-03,18.86B,2.535B,-200.00M,-200.00M,104.06B,0,63.74B,3.989B,70.85B,3.383B,744.00M,9.325B,75.45B,6.28B,65.27B,221.24B,5.00M,85.98B,79.71B,155.97B,135.25B,76.26B,15.68B,40.06B,17.84B
AMZN,2019-12,-986.00M,55.02B,66.17B,0,8.19B,6.58,6.47,18.80B,144.82B,21.27B,2019-12,20.50B,3.268B,-244.00M,-244.00M,97.85B,0,63.20B,3.879B,79.62B,4.053B,786.00M,9.74B,87.44B,7.583B,62.06B,225.25B,5.00M,96.33B,87.81B,163.19B,128.91B,75.38B,17.39B,47.18B,20.82B
AMZN,2019-09,-1.429B,43.40B,51.47B,0,7.381B,4.31,4.23,14.73B,90.78B,18.51B,2019-09,18.77B,2.134B,-172.00M,-172.00M,90.78B,0,59.53B,3.157B,64.76B,2.632B,494.00M,9.20B,69.98B,6.10B,56.51B,199.10B,5.00M,79.05B,72.14B,142.59B,120.04B,70.46B,15.36B,35.79B,16.89B
AMZN,2019-06,-960.00M,41.46B,45.61B,0,7.475B,5.32,5.22,14.73B,86.37B,17.80B,2019-06,18.58B,2.625B,-168.00M,-168.00M,86.37B,0,58.46B,3.084B,62.20B,2.889B,257.00M,9.065B,63.40B,5.561B,53.06B,191.35B,5.00M,76.79B,69.68B,138.29B,114.56B,68.61B,14.71B,36.06B,16.75B
AMZN,2019-03,-1.01B,37.02B,42.52B,0,7.298B,7.24,7.09,14.71B,81.18B,17.18B,2019-03,16.43B,3.561B,-183.00M,-183.00M,81.18B,0,56.60B,4.42B,56.40B,4.401B,836.00M,7.927B,59.70B,4.837B,48.41B,178.10B,5.00M,69.43B,63.70B,129.69B,108.67B,66.00B,12.76B,31.81B,15.98B
AMZN,2018-12,-1.035B,41.25B,54.81B,0,6.536B,6.18,6.04,18.66B,95.77B,17.57B,2018-12,17.17B,3.027B,-237.00M,-237.00M,61.80B,0,33.14B,3.786B,61.86B,3.35B,327.00M,7.669B,72.38B,6.029B,43.55B,162.65B,5.00M,75.10B,68.39B,119.10B,87.55B,50.71B,13.78B,38.19B,16.68B
AMZN,2018-09,-1.034B,29.76B,41.28B,0,6.00B,5.91,5.75,14.55B,0,15.30B,2018-09,15.86B,2.883B,-241.00M,-241.00M,58.02B,0,24.68B,3.724B,49.32B,3.39B,508.00M,7.162B,56.58B,4.344B,39.12B,143.70B,5.00M,59.88B,55.32B,104.57B,83.81B,49.25B,11.57B,30.90B,14.26B
AMZN,2018-06,-934.00M,27.05B,38.56B,0,6.004B,5.21,5.07,13.94B,72.66B,14.32B,2018-06,14.82B,2.534B,-249.00M,-249.00M,54.77B,1.994B,24.64B,2.983B,44.80B,2.605B,74.00M,7.247B,52.89B,4.012B,35.00B,134.10B,5.00M,54.48B,50.80B,99.10B,79.62B,48.30B,11.34B,27.66B,12.61B
AMZN,2018-03,-467.00M,24.96B,38.53B,0,6.182B,3.36,3.27,13.39B,42.44B,12.52B,2018-03,13.84B,1.629B,-250.00M,-250.00M,52.33B,1.787B,24.64B,1.927B,41.86B,1.916B,287.00M,6.759B,51.04B,3.766B,31.46B,126.36B,5.00M,50.83B,48.04B,94.90B,75.53B,46.85B,10.59B,25.17B,12.03B
AMZN,2017-12,-484.00M,30.99B,47.47B,0,5.097B,3.85,3.75,16.72B,0,12.98B,2017-12,16.05B,1.857B,-273.00M,-273.00M,48.87B,0,37.93B,2.127B,52.79B,1.871B,14.00M,6.314B,60.45B,4.484B,27.71B,131.31B,5.00M,60.20B,57.88B,103.60B,71.11B,45.72B,10.86B,34.62B,13.16B
AMZN,2017-09,-501.00M,24.31B,33.97B,0,5.153B,0.53,0.52,13.27B,0,9.775B,2017-09,13.71B,256.00M,-174.00M,-174.00M,45.34B,0,24.71B,347.00M,41.92B,316.00M,58.00M,5.944B,43.74B,3.439B,24.66B,115.27B,5.00M,48.58B,47.07B,90.61B,66.69B,43.54B,9.428B,26.08B,10.56B
AMZN,2017-06,-607.00M,21.45B,28.61B,0,5.065B,0.41,0.4,4.254B,0,9.346B,2017-06,11.51B,197.00M,-99.00M,-99.00M,37.08B,0,7.683B,628.00M,35.46B,666.00M,467.00M,5.549B,37.96B,3.103B,23.21B,87.78B,5.00M,41.01B,40.52B,64.57B,46.77B,24.05B,8.718B,21.44B,8.046B
AMZN,2017-03,-797.00M,21.53B,27.14B,0,5.454B,1.52,1.48,3.823B,0,8.577B,2017-03,10.60B,724.00M,-100.00M,-100.00M,32.63B,0,7.691B,1.005B,31.94B,953.00M,229.00M,4.813B,35.71B,2.715B,21.67B,80.97B,5.00M,39.46B,37.40B,59.30B,41.51B,21.90B,7.572B,18.89B,7.329B
AMZN,2016-12,-985.00M,25.98B,34.68B,0,4.768B,1.57,1.54,4.638B,0,9.063B,2016-12,11.46B,749.00M,-104.00M,-104.00M,29.11B,0,15.21B,1.255B,39.05B,1.166B,413.00M,4.544B,43.74B,3.23B,19.28B,83.40B,5.00M,45.78B,43.82B,64.12B,37.62B,20.30B,7.808B,25.31B,8.339B
AMZN,2016-09,-521.00M,18.35B,25.60B,0,4.20B,0.53,0.52,3.815B,0,7.119B,2016-09,10.70B,252.00M,-92.00M,-92.00M,27.18B,0,8.205B,575.00M,29.30B,491.00M,229.00M,4.135B,32.71B,2.377B,17.78B,70.90B,5.00M,35.61B,33.50B,53.12B,35.29B,19.62B,6.544B,18.80B,6.566B
AMZN,2016-06,-571.00M,16.54B,23.06B,0,3.851B,1.81,1.78,3.774B,0,7.346B,2016-06,9.588B,857.00M,-92.00M,-92.00M,25.19B,0,8.212B,1.285B,25.74B,1.179B,307.00M,3.88B,30.40B,2.126B,16.54B,65.08B,5.00M,32.22B,29.59B,48.54B,32.86B,18.95B,6.061B,16.12B,6.092B
AMZN,2016-03,-614.00M,15.86B,22.55B,0,3.766B,1.09,1.07,3.785B,0,6.575B,2016-03,9.582B,513.00M,-96.00M,-96.00M,23.31B,0,8.219B,1.071B,24.42B,1.056B,475.00M,3.526B,29.13B,1.933B,14.76B,61.13B,5.00M,30.51B,28.19B,46.37B,30.62B,18.18B,5.504B,14.99B,5.072B
AMZN,2015-12,-723.00M,19.81B,28.89B,0,3.118B,1.03,1,4.751B,30.05B,6.861B,2015-12,10.24B,482.00M,-102.00M,-102.00M,21.84B,1.339B,14.18B,1.109B,30.77B,938.00M,452.00M,3.569B,35.75B,2.148B,13.38B,64.75B,5.00M,35.70B,33.89B,51.36B,29.04B,17.48B,5.752B,20.40B,5.654B
AMZN,2015-09,-675.00M,14.43B,19.98B,0,3.063B,0.17,0.17,3.529B,22.73B,5.373B,2015-09,8.981B,79.00M,-103.00M,-103.00M,20.64B,1.531B,8.243B,406.00M,23.59B,247.00M,161.00M,3.197B,25.36B,1.727B,12.43B,56.23B,5.00M,28.85B,26.66B,43.80B,27.38B,17.14B,4.967B,14.44B,5.44B
AMZN,2015-06,-617.00M,14.00B,18.04B,0,2.562B,0.2,0.19,3.523B,14.81B,5.149B,2015-06,7.47B,92.00M,-102.00M,-102.00M,19.48B,1.028B,8.25B,464.00M,21.35B,362.00M,266.00M,3.02B,23.18B,1.617B,11.77B,52.44B,5.00M,26.39B,23.91B,40.67B,26.05B,16.76B,4.685B,12.39B,4.92B
AMZN,2015-03,-752.00M,13.78B,18.15B,0,2.42B,-0.12,-0.12,3.491B,0,4.563B,2015-03,7.369B,-57.00M,-104.00M,-104.00M,17.74B,0,8.257B,255.00M,20.76B,21.00M,71.00M,2.754B,22.72B,1.51B,10.87B,50.08B,5.00M,25.92B,23.18B,39.20B,24.15B,16.02B,4.308B,11.92B,4.772B
AMZN,2014-12,-511.00M,17.42B,24.10B,0,1.823B,0.46,0.45,4.083B,0,5.233B,2014-12,8.299B,214.00M,-66.00M,-66.00M,16.97B,0,12.49B,590.00M,26.27B,429.00M,205.00M,2.636B,29.33B,1.968B,10.74B,54.50B,5.00M,31.33B,28.09B,43.76B,23.18B,15.68B,4.643B,16.46B,5.612B
AMZN,2014-09,-394.00M,6.883B,17.27B,0,1.814B,-0.95,-0.95,3.332B,0,3.309B,2014-09,7.316B,-437.00M,-40.00M,-40.00M,15.70B,0,3.099B,-544.00M,19.03B,-634.00M,-205.00M,2.423B,20.58B,1.399B,10.34B,40.42B,5.00M,18.57B,20.84B,30.08B,21.85B,9.241B,3.853B,11.81B,4.373B
AMZN,2014-06,-143.00M,7.986B,15.78B,0,1.606B,-0.27,-0.27,2.677B,0,3.559B,2014-06,6.644B,-126.00M,-34.00M,-34.00M,14.09B,0,3.119B,-15.00M,17.14B,-27.00M,94.00M,2.226B,19.34B,1.32B,10.60B,37.90B,5.00M,18.76B,18.75B,27.30B,19.14B,8.545B,3.574B,10.46B,4.125B
AMZN,2014-03,-157.00M,8.666B,16.37B,0,1.516B,0.23,0.23,2.653B,0,3.369B,2014-03,6.716B,108.00M,-31.00M,-31.00M,12.27B,0,3.147B,146.00M,16.84B,120.00M,73.00M,1.991B,19.74B,1.197B,10.33B,36.36B,5.00M,19.33B,18.36B,26.04B,17.04B,7.679B,3.223B,10.59B,3.945B
AMZN,2013-12,-185.00M,12.45B,21.72B,0,1.159B,0.52,0.51,3.30B,0,3.863B,2013-12,7.411B,240.00M,-29.00M,-29.00M,10.95B,0,5.181B,510.00M,21.82B,452.00M,179.00M,1.862B,25.59B,1.451B,9.746B,40.16B,5.00M,24.62B,22.98B,30.41B,15.53B,7.433B,3.353B,15.13B,4.767B
AMZN,2013-09,-206.00M,7.689B,14.40B,0,0,-0.09,-0.09,2.635B,0,2.692B,2013-09,6.068B,-41.00M,-27.00M,-27.00M,9.991B,0,3.043B,-25.00M,16.14B,-43.00M,-12.00M,1.734B,17.09B,972.00M,9.087B,31.86B,5.00M,17.33B,16.14B,22.77B,14.53B,6.639B,2.717B,10.04B,3.057B
AMZN,2013-06,-319.00M,7.463B,13.05B,0,792.00M,-0.02,-0.02,2.614B,9.582B,2.658B,2013-06,5.42B,-7.00M,-24.00M,-24.00M,8.789B,812.00M,3.042B,79.00M,14.74B,17.00M,13.00M,1.586B,15.70B,961.00M,8.733B,29.62B,5.00M,16.28B,14.74B,20.89B,13.34B,6.155B,2.579B,8.99B,2.861B
AMZN,2013-03,-319.00M,7.895B,13.60B,0,0,0.18,0.18,2.535B,5.786B,2.473B,2013-03,5.395B,82.00M,-23.00M,-23.00M,7.674B,266.00M,3.04B,181.00M,14.33B,81.00M,-18.00M,1.383B,16.07B,878.00M,8.432B,28.38B,5.00M,16.31B,14.33B,19.94B,12.06B,5.613B,2.292B,8.916B,2.516B
AMZN,2012-12,-239.00M,11.45B,18.40B,0,0,0.21,0.21,3.277B,0,2.873B,2012-12,6.031B,98.00M,-19.00M,-19.00M,7.06B,0,3.83B,405.00M,18.21B,337.00M,194.00M,1.345B,21.27B,1.085B,8.192B,32.56B,5.00M,21.30B,19.00B,24.36B,11.26B,5.361B,2.468B,13.32B,3.817B
AMZN,2012-09,-296.00M,5.248B,11.83B,0,0,-0.6,-0.6,2.54B,0,1.977B,2012-09,5.065B,-274.00M,-12.00M,-12.00M,5.662B,0,1.415B,-28.00M,12.60B,-22.00M,83.00M,1.192B,13.81B,770.00M,7.553B,22.83B,5.00M,13.12B,12.60B,15.28B,9.716B,2.676B,2.005B,8.369B,2.392B
AMZN,2012-06,-328.00M,4.97B,10.84B,0,0,0.02,0.01,2.521B,0,1.99B,2012-06,4.38B,7.00M,-11.00M,-11.00M,5.097B,0,0,107.00M,10.96B,146.00M,109.00M,1.082B,12.83B,769.00M,7.505B,21.02B,5.00M,11.79B,10.96B,13.52B,9.229B,2.553B,1.883B,7.072B,2.035B
AMZN,2012-03,-174.00M,5.715B,11.32B,0,0,0.29,0.28,1.97B,0,1.863B,2012-03,4.255B,130.00M,-9.00M,-9.00M,4.653B,0,0,192.00M,10.49B,84.00M,43.00M,945.00M,13.18B,680.00M,7.271B,20.34B,5.00M,12.15B,10.49B,13.07B,8.185B,2.58B,1.671B,6.886B,1.813B
AMZN,2011-12,-316.00M,9.576B,18.41B,0,0,0.39,0.38,2.602B,0,-976.00M,2011-12,4.992B,177.00M,-6.00M,-6.00M,4.417B,0,0,260.00M,14.90B,273.00M,86.00M,862.00M,17.43B,-2.14B,7.757B,25.28B,5.00M,17.49B,14.90B,17.52B,7.788B,2.625B,-1.236B,11.14B,2.571B
AMZN,2011-09,-241.00M,6.326B,8.325B,0,0,0.14,0.14,1.934B,0,2.551B,2011-09,3.77B,63.00M,-1.00M,-1.00M,3.999B,0,0,79.00M,8.978B,130.00M,67.00M,769.00M,10.88B,1.666B,7.766B,19.05B,5.00M,11.90B,8.978B,11.29B,7.15B,2.31B,2.472B,6.552B,1.496B
AMZN,2011-06,-30.00M,6.355B,7.525B,0,0,0.42,0.41,1.909B,0,2.388B,2011-06,3.229B,191.00M,1.00M,1.00M,3.47B,0,0,201.00M,8.045B,225.00M,49.00M,698.00M,9.913B,1.448B,7.765B,17.94B,5.00M,11.28B,8.045B,10.18B,6.662B,2.131B,2.187B,5.721B,1.438B
AMZN,2011-03,-66.00M,6.881B,7.608B,0,0,0.44,0.44,1.513B,0,2.249B,2011-03,2.888B,201.00M,3.00M,3.00M,2.902B,0,0,355.00M,7.73B,307.00M,89.00M,579.00M,9.857B,1.315B,7.347B,16.88B,5.00M,11.29B,7.73B,9.535B,5.594B,1.805B,1.894B,5.54B,1.304B
