Ticker,Date,Accrued Comprehensive Inc,Cash and Short Term Investments,Cost of Goods Sold,Current Debt & Capital Lease Obligation,Current Deferred Liabilities,EPS Basic,EPS Diluted,Goodwill and Intangibles,Gross PP&E,Gross Profit,Income (Quarterly),Inventories,Net Income,Net Non-Operating Interest Income Expense,Net Operating Interest Income,Net PP&E,Non-Current Deferred Liabilities,Non-Current Portion of LTD and Capital Lease Obligation,Operating Income,Payables and Accrued Expenses,Pre-Tax Income,Provision for Income Taxes,Revenue,SG&A Expense,Shareholders Equity,Total Assets,Total Capital Stock,Total Current Assets,Total Current Liabilities,Total Liabilities,Total Long Term Assets,Total Long Term Liabilities,Total Operating Expenses,Total Payables,Total Receivables
APA,2020-12,14.00M,262.00M,877.00M,118.00M,0,0.03,-0.04,0,44.49B,342.00M,2020-12,492.00M,30.00M,-107.00M,-107.00M,8.819B,215.00M,8.77B,141.00M,867.00M,70.00M,15.00M,1.219B,76.00M,-1.639B,12.75B,262.00M,1.846B,1.308B,13.39B,10.90B,12.08B,201.00M,469.00M,908.00M
APA,2020-09,16.00M,162.00M,795.00M,294.00M,0,-0.01,-0.02,0,43.55B,325.00M,2020-09,503.00M,15.00M,-111.00M,-111.00M,9.067B,271.00M,8.75B,163.00M,782.00M,72.00M,31.00M,1.12B,52.00M,-1.641B,12.88B,262.00M,1.719B,1.382B,13.51B,11.16B,12.13B,162.00M,413.00M,899.00M
APA,2020-06,15.00M,135.00M,800.00M,417.00M,0,-1.02,-1.02,0,43.43B,-48.00M,2020-06,477.00M,-367.00M,-106.00M,-106.00M,9.344B,299.00M,8.523B,-245.00M,978.00M,-416.00M,-38.00M,752.00M,94.00M,-1.635B,13.00B,262.00M,1.658B,1.71B,13.64B,11.34B,11.92B,197.00M,492.00M,871.00M
APA,2020-03,15.00M,428.00M,1.058B,678.00M,0,-11.86,-11.86,0,43.24B,286.00M,2020-03,452.00M,-4.462B,-103.00M,-103.00M,9.586B,309.00M,8.336B,114.00M,1.114B,-4.566B,56.00M,1.344B,68.00M,-1.246B,13.39B,262.00M,1.908B,2.025B,13.62B,11.48B,11.59B,172.00M,570.00M,838.00M
APA,2019-12,16.00M,247.00M,1.222B,180.00M,0,-7.89,-7.89,0,43.96B,507.00M,2019-12,502.00M,-2.96B,-97.00M,-97.00M,14.16B,346.00M,8.555B,-233.00M,1.36B,-3.035B,212.00M,1.729B,83.00M,3.255B,18.11B,261.00M,1.961B,1.855B,13.64B,16.15B,11.79B,740.00M,746.00M,1.062B
APA,2019-09,3.00M,163.00M,1.15B,168.00M,0,-0.45,-0.45,0,44.61B,318.00M,2019-09,475.00M,-152.00M,-95.00M,-95.00M,17.66B,340.00M,8.393B,127.00M,1.422B,14.00M,131.00M,1.468B,98.00M,6.301B,21.40B,261.00M,1.971B,1.921B,13.54B,19.43B,11.62B,191.00M,741.00M,1.07B
APA,2019-06,4.00M,549.00M,1.082B,347.00M,0,-0.96,-0.96,0,43.99B,534.00M,2019-06,453.00M,-356.00M,-98.00M,-98.00M,17.76B,348.00M,8.157B,258.00M,1.534B,-152.00M,164.00M,1.616B,102.00M,6.551B,21.81B,261.00M,2.791B,2.262B,13.65B,19.02B,11.39B,276.00M,770.00M,1.098B
APA,2019-03,4.00M,327.00M,1.121B,526.00M,0,-0.12,-0.12,0,46.94B,557.00M,2019-03,438.00M,-47.00M,-97.00M,-97.00M,18.29B,370.00M,8.094B,293.00M,1.547B,165.00M,167.00M,1.678B,123.00M,6.989B,21.75B,261.00M,2.504B,2.374B,13.14B,19.25B,10.77B,264.00M,739.00M,1.185B
APA,2018-12,4.00M,714.00M,1.414B,151.00M,0,-1,-1,0,47.54B,646.00M,2018-12,401.00M,-381.00M,-93.00M,-93.00M,18.42B,391.00M,8.093B,216.00M,1.717B,-344.00M,6.00M,2.06B,101.00M,7.13B,21.58B,260.00M,2.687B,2.201B,12.77B,18.90B,10.57B,430.00M,767.00M,1.194B
APA,2018-09,4.00M,593.00M,1.084B,150.00M,0,0.21,0.21,0,46.04B,892.00M,2018-09,362.00M,81.00M,-98.00M,-98.00M,18.65B,502.00M,8.053B,638.00M,1.738B,406.00M,245.00M,1.976B,99.00M,7.612B,21.87B,260.00M,2.785B,2.207B,12.92B,19.08B,10.72B,254.00M,833.00M,1.457B
APA,2018-06,4.00M,972.00M,1.046B,400.00M,0,0.51,0.51,0,45.13B,890.00M,2018-06,361.00M,195.00M,-94.00M,-94.00M,18.34B,518.00M,7.937B,637.00M,1.682B,508.00M,239.00M,1.936B,117.00M,7.64B,21.91B,260.00M,3.139B,2.312B,12.92B,18.77B,10.60B,253.00M,792.00M,1.446B
APA,2018-03,4.00M,1.077B,988.00M,400.00M,0,0.38,0.38,0,44.28B,745.00M,2018-03,386.00M,145.00M,-99.00M,-99.00M,18.09B,528.00M,7.936B,478.00M,1.74B,388.00M,182.00M,1.733B,114.00M,7.502B,21.79B,259.00M,3.253B,2.342B,12.92B,18.54B,10.58B,267.00M,749.00M,1.409B
APA,2017-12,4.00M,1.668B,942.00M,550.00M,0,1.2,1.19,0,44.14B,698.00M,2017-12,368.00M,456.00M,-97.00M,-97.00M,17.76B,545.00M,7.934B,297.00M,1.715B,278.00M,-240.00M,1.64B,88.00M,7.416B,21.92B,259.00M,3.725B,2.564B,13.13B,18.20B,10.57B,401.00M,696.00M,1.345B
APA,2017-09,-3.00M,1.846B,956.00M,550.00M,0,0.16,0.16,0,42.75B,433.00M,2017-09,396.00M,63.00M,-101.00M,-101.00M,17.66B,948.00M,7.933B,28.00M,1.523B,93.00M,-12.00M,1.389B,98.00M,7.011B,21.84B,259.00M,3.769B,2.465B,13.46B,18.07B,10.99B,405.00M,651.00M,1.145B
APA,2017-06,-112.00M,1.667B,992.00M,150.00M,0,1.5,1.5,0,42.17B,354.00M,2017-06,416.00M,572.00M,-99.00M,-99.00M,17.55B,1.058B,8.329B,133.00M,1.44B,9.00M,-604.00M,1.346B,106.00M,6.899B,22.60B,259.00M,4.647B,2.873B,14.34B,17.96B,11.46B,221.00M,610.00M,1.015B
APA,2017-03,-112.00M,1.521B,969.00M,150.00M,0,0.56,0.56,0,47.13B,543.00M,2017-03,454.00M,213.00M,-99.00M,-99.00M,18.78B,1.789B,8.327B,295.00M,1.417B,538.00M,271.00M,1.512B,103.00M,6.385B,22.61B,258.00M,3.426B,1.898B,14.79B,19.18B,12.89B,248.00M,614.00M,1.171B
APA,2016-12,-112.00M,1.377B,1.043B,1.00M,0,-0.48,-0.48,0,46.75B,412.00M,2016-12,476.00M,-182.00M,-105.00M,-105.00M,18.87B,1.71B,8.544B,89.00M,1.325B,-114.00M,29.00M,1.455B,112.00M,6.238B,22.52B,258.00M,3.241B,1.843B,14.84B,19.28B,13.00B,323.00M,607.00M,1.128B
APA,2016-09,-119.00M,1.23B,1.081B,1.00M,0,-1.6,-1.6,0,46.64B,358.00M,2016-09,513.00M,-607.00M,-102.00M,-102.00M,19.46B,1.783B,8.721B,40.00M,1.344B,-905.00M,-379.00M,1.439B,102.00M,6.469B,23.15B,258.00M,3.272B,1.628B,15.20B,19.88B,13.57B,318.00M,623.00M,1.064B
APA,2016-06,-119.00M,1.201B,1.08B,1.00M,0,-0.65,-0.65,0,46.71B,306.00M,2016-06,530.00M,-244.00M,-104.00M,-104.00M,20.14B,2.308B,8.719B,-12.00M,1.339B,-281.00M,-81.00M,1.386B,103.00M,7.142B,24.35B,258.00M,3.292B,1.57B,15.65B,21.05B,14.08B,318.00M,598.00M,1.016B
APA,2016-03,-116.00M,1.004B,1.108B,0,0,-0.98,-0.98,0,94.33B,-21.00M,2016-03,547.00M,-372.00M,-105.00M,-105.00M,13.54B,891.00M,8.718B,-261.00M,1.422B,-382.00M,-11.00M,1.087B,93.00M,2.018B,17.68B,257.00M,3.222B,1.598B,14.12B,14.46B,12.53B,240.00M,652.00M,1.12B
APA,2015-12,-119.00M,1.467B,1.312B,1.00M,0,-19.07,-19.07,87.00M,46.84B,-58.00M,2015-12,570.00M,-4.015B,-110.00M,-110.00M,20.84B,2.529B,8.716B,-2.154B,1.585B,-5.344B,-289.00M,1.254B,96.00M,7.888B,25.50B,257.00M,3.752B,1.841B,16.01B,21.75B,14.17B,2.096B,665.00M,1.253B
APA,2015-09,-116.00M,1.655B,1.38B,2.598B,0,-10.95,-10.95,1.369B,96.12B,226.00M,2015-09,667.00M,-4.143B,-121.00M,-121.00M,22.38B,1.997B,8.777B,-302.00M,1.869B,-4.37B,-251.00M,1.606B,89.00M,9.809B,27.81B,257.00M,4.079B,2.167B,15.84B,23.73B,13.67B,528.00M,955.00M,1.332B
APA,2015-06,-116.00M,2.95B,1.31B,20.00M,0,-2.28,-2.28,1.369B,95.24B,681.00M,2015-06,629.00M,-860.00M,-117.00M,-117.00M,28.32B,2.644B,9.676B,282.00M,2.039B,-186.00M,731.00M,1.991B,111.00M,15.54B,35.31B,257.00M,5.493B,2.383B,17.56B,29.82B,15.17B,399.00M,1.062B,1.589B
APA,2015-03,-116.00M,229.00M,8.839B,1.00M,0,-12.34,-12.34,1.369B,105.02B,-7.201B,2015-03,666.00M,-4.651B,-69.00M,-69.00M,41.23B,6.611B,9.675B,-7.401B,2.486B,-7.524B,-3.02B,1.638B,82.00M,21.21B,48.65B,256.00M,5.906B,5.493B,25.24B,42.74B,19.75B,200.00M,1.037B,1.767B
APA,2014-12,-116.00M,769.00M,-55.00M,53.00M,0,-12.78,-12.78,1.369B,103.46B,2.807B,2014-12,708.00M,-7.771B,-256.00M,-256.00M,48.08B,9.499B,11.24B,342.00M,3.193B,-8.704B,-2.17B,2.752B,121.00M,25.94B,55.95B,256.00M,6.415B,3.664B,27.82B,49.54B,24.15B,2.465B,1.264B,2.024B
APA,2014-09,-116.00M,510.00M,3.39B,57.00M,0,-3.5,-3.5,1.369B,103.87B,-209.00M,2014-09,713.00M,-1.33B,-60.00M,-60.00M,53.04B,9.298B,10.90B,-496.00M,3.629B,-317.00M,768.00M,3.181B,111.00M,30.82B,60.99B,256.00M,4.426B,4.307B,28.00B,56.56B,23.70B,287.00M,1.66B,2.287B
APA,2014-06,-116.00M,524.00M,1.984B,0,0,1.31,1.31,0,100.51B,1.487B,2014-06,794.00M,505.00M,-52.00M,-52.00M,52.47B,8.566B,9.674B,1.151B,3.729B,911.00M,354.00M,3.471B,113.00M,32.76B,61.17B,256.00M,5.126B,4.57B,26.28B,56.04B,21.71B,336.00M,1.821B,2.407B
APA,2014-03,-116.00M,1.643B,1.873B,0,0,0.6,0.6,0,99.34B,1.774B,2014-03,727.00M,236.00M,-27.00M,-27.00M,52.75B,8.517B,9.673B,1.474B,3.561B,1.429B,578.00M,3.647B,103.00M,33.08B,61.12B,255.00M,5.463B,4.356B,25.94B,55.66B,21.59B,300.00M,1.673B,2.479B
APA,2013-12,-115.00M,1.906B,1.641B,0,0,0.44,0.43,0,100.43B,819.00M,2013-12,891.00M,174.00M,-88.00M,-88.00M,52.42B,8.364B,9.672B,69.00M,3.797B,239.00M,509.00M,2.46B,122.00M,33.40B,61.64B,255.00M,6.366B,4.70B,26.24B,55.27B,21.54B,750.00M,1.864B,2.952B
APA,2013-09,-123.00M,1.251B,2.848B,0,0,0.75,0.75,0,97.30B,1.44B,2013-09,889.00M,306.00M,-50.00M,-50.00M,51.46B,8.297B,10.87B,1.113B,3.76B,641.00M,206.00M,4.288B,120.00M,32.98B,60.24B,255.00M,6.016B,4.523B,27.26B,54.22B,22.74B,327.00M,1.634B,3.086B
APA,2013-06,-118.00M,184.00M,2.208B,478.00M,491.00M,2.59,2.54,1.369B,99.49B,1.793B,2013-06,973.00M,1.035B,-52.00M,-52.00M,55.82B,8.496B,12.30B,1.453B,3.896B,1.648B,611.00M,4.001B,126.00M,32.72B,63.35B,1.473B,4.758B,5.158B,30.63B,58.59B,25.47B,340.00M,1.912B,2.914B
APA,2013-03,-133.00M,248.00M,2.107B,994.00M,0,1.78,1.76,1.369B,96.58B,1.914B,2013-03,885.00M,717.00M,-55.00M,-55.00M,54.29B,8.163B,11.48B,1.535B,3.676B,1.38B,602.00M,4.021B,112.00M,31.99B,61.79B,1.472B,4.848B,5.562B,29.80B,56.94B,24.24B,379.00M,1.74B,3.106B
APA,2012-12,-131.00M,160.00M,1.846B,990.00M,0,1.66,1.64,1.289B,94.15B,2.028B,2012-12,908.00M,668.00M,-47.00M,-47.00M,53.28B,8.024B,11.36B,1.732B,3.605B,1.604B,950.00M,3.874B,131.00M,31.33B,60.74B,1.472B,4.962B,5.536B,29.41B,55.78B,23.87B,296.00M,1.442B,3.086B
APA,2012-09,-89.00M,318.00M,2.916B,964.00M,0,0.41,0.41,1.114B,90.63B,1.225B,2012-09,774.00M,180.00M,-40.00M,-40.00M,51.16B,7.602B,10.67B,912.00M,3.583B,865.00M,685.00M,4.141B,124.00M,30.71B,58.81B,1.472B,5.044B,5.39B,28.10B,53.77B,22.71B,313.00M,1.582B,2.976B
APA,2012-06,11.00M,361.00M,2.708B,568.00M,0,0.87,0.86,1.114B,87.58B,1.248B,2012-06,745.00M,356.00M,-45.00M,-45.00M,50.14B,7.383B,9.67B,872.00M,3.77B,811.00M,455.00M,3.956B,132.00M,30.67B,57.22B,1.472B,4.639B,5.121B,26.54B,52.58B,21.42B,376.00M,1.713B,2.625B
APA,2012-03,-42.00M,245.00M,2.49B,429.00M,0,2.02,2,1.114B,81.34B,1.967B,2012-03,607.00M,797.00M,-40.00M,-40.00M,45.83B,7.217B,7.444B,1.606B,3.331B,1.56B,763.00M,4.457B,128.00M,29.72B,53.24B,1.468B,4.954B,4.698B,23.52B,48.28B,18.82B,361.00M,1.704B,3.163B
APA,2011-12,-9.00M,295.00M,1.908B,431.00M,0,3.05,2.98,1.114B,79.22B,2.387B,2011-12,655.00M,1.189B,-35.00M,-35.00M,45.45B,7.197B,6.785B,1.981B,3.651B,1.941B,752.00M,4.295B,132.00M,28.99B,52.05B,1.468B,4.803B,4.963B,23.06B,47.25B,18.10B,406.00M,1.865B,3.079B
APA,2011-09,62.00M,586.00M,1.798B,417.00M,0,2.56,2.5,1.032B,73.76B,2.484B,2011-09,566.00M,1.002B,-37.00M,-37.00M,41.14B,5.535B,6.785B,2.135B,2.606B,2.094B,1.092B,4.282B,112.00M,27.90B,47.48B,1.468B,4.576B,4.024B,19.58B,42.91B,15.56B,349.00M,1.119B,2.56B
APA,2011-06,-200.00M,1.107B,73.00M,448.00M,0,3.23,3.17,1.032B,71.40B,4.265B,2011-06,633.00M,1.259B,-41.00M,-41.00M,39.84B,4.698B,7.404B,2.178B,2.838B,2.131B,872.00M,4.338B,103.00M,26.67B,46.53B,1.468B,4.90B,4.484B,19.86B,41.63B,15.38B,2.087B,1.295B,2.495B
APA,2011-03,-445.00M,356.00M,76.00M,30.00M,0,2.91,2.86,1.032B,69.58B,3.849B,2011-03,593.00M,1.134B,-45.00M,-45.00M,39.05B,4.265B,8.13B,1.977B,2.496B,1.927B,793.00M,3.925B,112.00M,25.20B,44.87B,1.467B,4.001B,3.957B,19.67B,40.86B,15.71B,1.872B,906.00M,2.49B
