Ticker,Date,Accrued Comprehensive Inc,Cash and Short Term Investments,Cost of Goods Sold,Current Debt & Capital Lease Obligation,Current Deferred Liabilities,EPS Basic,EPS Diluted,Goodwill and Intangibles,Gross PP&E,Gross Profit,Income (Quarterly),Inventories,Net Income,Net Non-Operating Interest Income Expense,Net Operating Interest Income,Net PP&E,Non-Current Deferred Liabilities,Non-Current Portion of LTD and Capital Lease Obligation,Operating Income,Payables and Accrued Expenses,Pre-Tax Income,Provision for Income Taxes,Revenue,SG&A Expense,Shareholders Equity,Total Assets,Total Capital Stock,Total Current Assets,Total Current Liabilities,Total Liabilities,Total Long Term Assets,Total Long Term Liabilities,Total Operating Expenses,Total Payables,Total Receivables
APTV,2020-12,-545.00M,2.821B,3.433B,190.00M,62.00M,1.05,1.04,3.671B,6.991B,779.00M,2020-12,1.297B,299.00M,-37.00M,-37.00M,3.681B,207.00M,4.311B,464.00M,3.702B,413.00M,55.00M,4.212B,278.00M,7.905B,17.52B,3.00M,7.465B,4.046B,9.422B,10.06B,5.376B,315.00M,2.751B,3.016B
APTV,2020-09,-768.00M,2.122B,3.021B,195.00M,93.00M,1.05,1.05,3.574B,3.598B,647.00M,2020-09,1.229B,299.00M,-36.00M,-36.00M,3.598B,210.00M,4.229B,382.00M,3.203B,327.00M,-2.00M,3.668B,229.00M,7.363B,16.44B,3.00M,6.589B,3.579B,8.89B,9.855B,5.311B,265.00M,2.363B,2.92B
APTV,2020-06,-894.00M,1.885B,1.947B,295.00M,80.00M,-1.43,-1.43,3.505B,3.573B,13.00M,2020-06,1.212B,-366.00M,-43.00M,-43.00M,3.573B,205.00M,4.239B,-239.00M,2.395B,-361.00M,-14.00M,1.96B,217.00M,6.942B,15.28B,3.00M,5.412B,2.859B,8.154B,9.868B,5.295B,252.00M,1.61B,2.091B
APTV,2020-03,-991.00M,2.055B,2.725B,353.00M,77.00M,6.15,6.14,3.521B,3.642B,501.00M,2020-03,1.363B,1.572B,-40.00M,-40.00M,3.642B,213.00M,6.272B,213.00M,3.107B,1.575B,10.00M,3.226B,252.00M,4.971B,16.17B,3.00M,6.19B,3.655B,11.01B,9.977B,7.359B,288.00M,2.408B,2.567B
APTV,2019-12,-719.00M,412.00M,2.909B,487.00M,78.00M,0.9,0.9,3.593B,6.33B,687.00M,2019-12,1.286B,230.00M,-39.00M,-39.00M,3.722B,229.00M,4.30B,354.00M,3.345B,268.00M,30.00M,3.596B,298.00M,3.819B,13.46B,3.00M,5.319B,4.054B,9.448B,8.14B,5.394B,333.00M,2.643B,2.829B
APTV,2019-09,-806.00M,341.00M,2.882B,536.00M,85.00M,0.96,0.96,3.264B,3.556B,677.00M,2019-09,1.345B,246.00M,-39.00M,-39.00M,3.556B,267.00M,4.268B,381.00M,3.128B,285.00M,38.00M,3.559B,262.00M,3.565B,12.94B,3.00M,5.385B,3.875B,9.158B,7.554B,5.283B,296.00M,2.418B,2.935B
APTV,2019-06,-699.00M,365.00M,2.958B,609.00M,90.00M,1.07,1.07,3.822B,3.681B,669.00M,2019-06,1.304B,274.00M,-38.00M,-38.00M,3.681B,265.00M,4.347B,366.00M,3.215B,298.00M,31.00M,3.627B,260.00M,3.519B,13.11B,3.00M,4.854B,3.991B,9.376B,8.254B,5.385B,303.00M,2.466B,2.982B
APTV,2019-03,-682.00M,321.00M,2.962B,635.00M,99.00M,0.93,0.92,3.837B,3.652B,613.00M,2019-03,1.326B,240.00M,-35.00M,-35.00M,3.652B,264.00M,4.345B,323.00M,3.217B,275.00M,33.00M,3.575B,256.00M,3.418B,13.02B,3.00M,4.819B,4.014B,9.384B,8.20B,5.37B,290.00M,2.529B,3.008B
APTV,2018-12,-694.00M,567.00M,2.967B,306.00M,67.00M,0.94,0.94,3.904B,5.343B,669.00M,2018-12,1.277B,247.00M,-33.00M,-33.00M,3.179B,251.00M,4.038B,364.00M,3.206B,293.00M,42.00M,3.636B,242.00M,3.459B,12.48B,3.00M,4.777B,3.694B,8.81B,7.703B,5.116B,305.00M,2.521B,2.788B
APTV,2018-09,-638.00M,771.00M,2.834B,24.00M,36.00M,0.84,0.84,3.378B,0,651.00M,2018-09,1.358B,222.00M,-29.00M,-29.00M,3.056B,261.00M,4.084B,388.00M,3.251B,293.00M,66.00M,3.485B,232.00M,3.608B,12.33B,3.00M,5.204B,3.387B,8.518B,7.123B,5.131B,263.00M,2.50B,2.893B
APTV,2018-06,-622.00M,970.00M,2.958B,22.00M,27.00M,1.1,1.1,3.402B,4.602B,726.00M,2018-06,1.265B,291.00M,-29.00M,-29.00M,2.972B,295.00M,4.067B,436.00M,3.297B,378.00M,83.00M,3.684B,260.00M,3.523B,12.32B,3.00M,5.34B,3.438B,8.558B,6.976B,5.12B,290.00M,2.583B,2.944B
APTV,2018-03,-436.00M,1.345B,2.947B,60.00M,32.00M,1.16,1.15,3.184B,3.745B,683.00M,2018-03,1.202B,307.00M,-29.00M,-29.00M,2.89B,218.00M,4.163B,394.00M,3.512B,370.00M,59.00M,3.63B,259.00M,3.467B,12.56B,3.00M,5.926B,3.708B,8.862B,6.634B,5.154B,289.00M,2.783B,3.174B
APTV,2017-12,-471.00M,1.596B,2.73B,17.00M,29.00M,0.963,0.95,3.163B,0,710.00M,2017-12,1.083B,256.00M,-34.00M,-34.00M,2.804B,226.00M,4.132B,414.00M,3.363B,350.00M,135.00M,3.44B,266.00M,3.299B,12.17B,3.00M,5.641B,3.54B,8.652B,6.528B,5.112B,296.00M,2.651B,2.785B
APTV,2017-09,-913.00M,557.00M,2.498B,15.00M,31.00M,1.48,1.48,2.883B,0,650.00M,2017-09,1.642B,395.00M,-33.00M,-33.00M,3.819B,178.00M,4.884B,391.00M,3.998B,331.00M,31.00M,3.148B,230.00M,3.203B,14.17B,3.00M,6.71B,4.143B,10.55B,7.456B,6.409B,259.00M,2.962B,3.534B
APTV,2017-06,-982.00M,792.00M,2.498B,13.00M,32.00M,1.38,1.38,2.86B,0,655.00M,2017-06,1.485B,369.00M,-34.00M,-34.00M,3.671B,170.00M,4.059B,395.00M,3.742B,337.00M,38.00M,3.153B,231.00M,2.895B,13.06B,3.00M,5.849B,4.17B,9.771B,7.207B,5.601B,260.00M,2.777B,3.418B
APTV,2017-03,-1.087B,547.00M,2.544B,8.00M,36.00M,1.24,1.24,2.801B,0,599.00M,2017-03,1.375B,335.00M,-32.00M,-32.00M,3.569B,162.00M,3.991B,345.00M,3.652B,237.00M,19.00M,3.143B,225.00M,2.579B,12.50B,3.00M,5.487B,4.092B,9.548B,7.01B,5.456B,254.00M,2.739B,3.41B
APTV,2016-12,-1.215B,737.00M,-334.00M,10.00M,22.00M,1.042,1.03,2.65B,0,260.00M,2016-12,859.00M,281.00M,-33.00M,-33.00M,2.325B,143.00M,3.953B,153.00M,2.617B,-105.00M,-49.00M,-74.00M,91.00M,2.401B,12.29B,3.00M,5.419B,4.148B,9.529B,6.873B,5.381B,107.00M,1.969B,2.306B
APTV,2016-09,-941.00M,395.00M,3.253B,36.00M,33.00M,1.08,1.07,2.905B,0,838.00M,2016-09,1.375B,293.00M,-40.00M,-40.00M,3.522B,283.00M,4.038B,526.00M,3.647B,353.00M,57.00M,4.091B,278.00M,2.552B,12.12B,3.00M,5.147B,3.841B,9.201B,6.975B,5.36B,312.00M,2.764B,3.243B
APTV,2016-06,-979.00M,437.00M,3.346B,97.00M,30.00M,0.95,0.94,2.916B,0,860.00M,2016-06,1.318B,258.00M,-41.00M,-41.00M,3.43B,275.00M,3.969B,548.00M,3.65B,348.00M,84.00M,4.206B,278.00M,2.381B,11.96B,3.00M,5.051B,3.899B,9.187B,6.906B,5.288B,312.00M,2.754B,3.155B
APTV,2016-03,-969.00M,463.00M,3.262B,368.00M,31.00M,1.54,1.53,2.963B,0,789.00M,2016-03,1.287B,425.00M,-40.00M,-40.00M,3.446B,267.00M,3.985B,479.00M,3.516B,404.00M,75.00M,4.051B,277.00M,2.265B,12.07B,3.00M,5.082B,4.061B,9.427B,6.989B,5.366B,310.00M,2.737B,3.192B
APTV,2015-12,-1.033B,535.00M,-303.00M,52.00M,36.00M,0.6901,0.68,2.922B,5.321B,-119.00M,2015-12,1.181B,192.00M,-31.00M,-31.00M,3.377B,252.00M,3.956B,-157.00M,3.511B,-232.00M,-41.00M,-422.00M,38.00M,2.25B,11.97B,3.00M,5.121B,3.927B,9.24B,6.852B,5.313B,38.00M,2.763B,3.017B
APTV,2015-09,-1.015B,434.00M,2.862B,424.00M,36.00M,1.43,1.42,1.304B,4.726B,769.00M,2015-09,1.187B,404.00M,-28.00M,-28.00M,3.01B,169.00M,2.698B,497.00M,3.274B,420.00M,61.00M,3.631B,249.00M,2.316B,10.79B,3.00M,5.054B,4.028B,8.018B,5.738B,3.99B,272.00M,2.534B,2.864B
APTV,2015-06,-897.00M,1.171B,3.076B,43.00M,36.00M,2.24,2.23,1.28B,4.806B,782.00M,2015-06,1.15B,645.00M,-29.00M,-29.00M,2.988B,180.00M,2.693B,498.00M,3.361B,449.00M,80.00M,3.858B,261.00M,2.49B,10.81B,3.00M,5.934B,3.772B,7.788B,4.875B,4.016B,284.00M,2.616B,2.958B
APTV,2015-03,-950.00M,558.00M,3.056B,44.00M,38.00M,0.72,0.72,1.292B,0,741.00M,2015-03,1.081B,209.00M,-31.00M,-31.00M,2.905B,164.00M,2.673B,462.00M,3.191B,360.00M,61.00M,3.797B,255.00M,2.155B,10.46B,3.00M,5.687B,3.818B,7.801B,4.777B,3.983B,279.00M,2.514B,2.908B
APTV,2014-12,-741.00M,859.00M,3.004B,34.00M,42.00M,1.18,1.16,1.384B,0,774.00M,2014-12,1.013B,344.00M,-30.00M,-30.00M,3.021B,162.00M,2.392B,483.00M,3.266B,431.00M,74.00M,3.778B,268.00M,2.51B,10.72B,3.00M,5.224B,3.889B,7.708B,5.497B,3.819B,291.00M,2.537B,2.653B
APTV,2014-09,-406.00M,1.026B,3.041B,37.00M,41.00M,1.02,1.02,1.083B,0,721.00M,2014-09,1.227B,305.00M,-31.00M,-31.00M,3.273B,162.00M,2.417B,438.00M,3.64B,364.00M,56.00M,3.762B,259.00M,2.894B,10.92B,3.00M,5.682B,3.844B,7.544B,5.241B,3.70B,283.00M,2.761B,3.101B
APTV,2014-06,-219.00M,1.166B,3.262B,32.00M,37.00M,1.26,1.26,1.158B,0,800.00M,2014-06,1.262B,382.00M,-31.00M,-31.00M,3.311B,170.00M,2.42B,516.00M,3.835B,432.00M,56.00M,4.062B,261.00M,3.125B,11.45B,3.00M,6.082B,3.998B,7.768B,5.37B,3.77B,284.00M,2.943B,3.329B
APTV,2014-03,-279.00M,978.00M,3.164B,31.00M,35.00M,1.05,1.04,1.19B,0,733.00M,2014-03,1.235B,320.00M,-33.00M,-33.00M,3.251B,160.00M,2.418B,461.00M,3.765B,388.00M,69.00M,3.897B,248.00M,2.961B,11.18B,3.00M,5.88B,3.93B,7.688B,5.302B,3.758B,272.00M,2.947B,3.34B
APTV,2013-12,-237.00M,1.389B,2.133B,61.00M,39.00M,0.9726,0.97,1.219B,0,637.00M,2013-12,1.093B,298.00M,-34.00M,-34.00M,3.216B,151.00M,2.351B,402.00M,3.648B,330.00M,58.00M,2.77B,217.00M,2.911B,11.05B,3.00M,5.752B,3.894B,7.613B,5.295B,3.719B,235.00M,2.875B,2.941B
APTV,2013-09,-262.00M,1.053B,3.338B,59.00M,45.00M,0.88,0.87,1.227B,0,679.00M,2013-09,1.233B,271.00M,-30.00M,-30.00M,2.982B,210.00M,2.359B,424.00M,3.623B,357.00M,72.00M,4.017B,228.00M,2.746B,10.81B,3.00M,5.787B,3.857B,7.588B,5.024B,3.731B,255.00M,2.765B,3.155B
APTV,2013-06,-377.00M,1.001B,3.464B,59.00M,44.00M,1.18,1.17,1.224B,4.043B,776.00M,2013-06,1.162B,367.00M,-32.00M,-32.00M,2.875B,201.00M,2.367B,509.00M,3.588B,452.00M,73.00M,4.24B,241.00M,2.521B,10.55B,3.00M,5.633B,3.809B,7.509B,4.918B,3.70B,267.00M,2.745B,3.125B
APTV,2013-03,-292.00M,830.00M,3.339B,103.00M,42.00M,0.88,0.88,1.232B,3.122B,685.00M,2013-03,1.148B,276.00M,-33.00M,-33.00M,2.843B,202.00M,2.375B,429.00M,3.439B,327.00M,37.00M,4.024B,230.00M,2.398B,10.27B,3.00M,5.387B,3.674B,7.376B,4.886B,3.702B,256.00M,2.635B,3.048B
APTV,2012-12,-237.00M,1.105B,3.158B,140.00M,47.00M,0.4313,0.43,1.276B,0,609.00M,2012-12,1.066B,136.00M,-33.00M,-33.00M,2.86B,185.00M,2.324B,331.00M,3.317B,131.00M,-15.00M,3.767B,254.00M,2.345B,10.18B,3.00M,5.227B,3.659B,7.346B,4.949B,3.687B,278.00M,2.539B,2.688B
APTV,2012-09,-114.00M,1.634B,3.058B,92.00M,36.00M,0.84,0.84,548.00M,0,605.00M,2012-09,1.121B,269.00M,-27.00M,-27.00M,2.466B,134.00M,1.998B,370.00M,2.854B,338.00M,52.00M,3.663B,215.00M,2.406B,9.639B,3.00M,5.897B,3.67B,6.769B,3.742B,3.099B,235.00M,2.467B,2.54B
APTV,2012-06,-220.00M,1.523B,3.272B,69.00M,59.00M,1.01,1.01,552.00M,0,725.00M,2012-06,1.106B,330.00M,-29.00M,-29.00M,2.367B,0,1.995B,476.00M,2.945B,440.00M,98.00M,3.997B,230.00M,2.185B,9.437B,3.00M,5.85B,3.696B,6.774B,3.587B,3.078B,249.00M,2.606B,2.635B
APTV,2012-03,-55.00M,1.412B,3.373B,89.00M,53.00M,1.04,1.04,580.00M,0,719.00M,2012-03,1.137B,342.00M,-30.00M,-30.00M,2.403B,0,1.996B,470.00M,3.11B,436.00M,77.00M,4.092B,228.00M,2.162B,9.688B,3.00M,6.016B,3.888B,7.043B,3.672B,3.155B,249.00M,2.783B,2.854B
APTV,2011-12,-183.00M,1.363B,3.221B,107.00M,48.00M,0.83,0.83,596.00M,0,679.00M,2011-12,1.054B,290.00M,-34.00M,-34.00M,2.315B,0,1.996B,422.00M,3.369B,344.00M,29.00M,3.90B,234.00M,1.688B,9.128B,3.00M,5.501B,3.712B,6.957B,3.627B,3.245B,257.00M,2.654B,2.745B
APTV,2011-09,-70.00M,1.252B,3.294B,122.00M,6.00M,0.79,0.79,623.00M,0,637.00M,2011-09,1.146B,266.00M,-27.00M,-27.00M,2.185B,0,2.051B,396.00M,3.072B,370.00M,87.00M,3.931B,222.00M,1.502B,9.184B,1.572B,5.673B,3.881B,7.22B,3.511B,3.339B,241.00M,2.674B,2.644B
APTV,2011-06,193.00M,1.322B,3.518B,180.00M,5.00M,0.88,0.88,653.00M,0,695.00M,2011-06,1.139B,298.00M,-34.00M,-34.00M,2.231B,0,2.056B,436.00M,3.483B,383.00M,73.00M,4.213B,240.00M,1.771B,9.627B,1.278B,5.957B,4.025B,7.385B,3.67B,3.36B,259.00M,2.859B,2.865B
APTV,2011-03,157.00M,1.633B,3.353B,272.00M,0,0.42,0.42,655.00M,0,644.00M,2011-03,1.088B,291.00M,3.00M,3.00M,2.162B,0,2.479B,421.00M,3.741B,409.00M,116.00M,3.997B,205.00M,1.435B,9.724B,0,6.133B,4.013B,7.817B,3.591B,3.804B,223.00M,2.429B,2.794B
