Ticker,Date,Accrued Comprehensive Inc,Cash and Short Term Investments,Cost of Goods Sold,Current Debt & Capital Lease Obligation,Current Deferred Liabilities,EPS Basic,EPS Diluted,Goodwill and Intangibles,Gross PP&E,Gross Profit,Income (Quarterly),Inventories,Net Income,Net Non-Operating Interest Income Expense,Net Operating Interest Income,Net PP&E,Non-Current Deferred Liabilities,Non-Current Portion of LTD and Capital Lease Obligation,Operating Income,Payables and Accrued Expenses,Pre-Tax Income,Provision for Income Taxes,Research and Development Expense,Revenue,SG&A Expense,Shareholders Equity,Total Assets,Total Capital Stock,Total Current Assets,Total Current Liabilities,Total Liabilities,Total Long Term Assets,Total Long Term Liabilities,Total Operating Expenses,Total Payables,Total Receivables
ATVI,2020-12,-622.00M,8.647B,817.00M,0,1.689B,0.66,0.65,10.38B,1.05B,1.595B,2020-12,102.00M,509.00M,-26.00M,-26.00M,209.00M,418.00M,3.605B,650.00M,1.411B,563.00M,54.00M,348.00M,2.412B,597.00M,15.04B,23.11B,0,10.56B,3.10B,8.072B,12.54B,4.972B,945.00M,295.00M,1.052B
ATVI,2020-09,-633.00M,7.415B,469.00M,0,1.108B,0.78,0.78,10.38B,1.002B,1.485B,2020-09,46.00M,604.00M,-26.00M,-26.00M,211.00M,480.00M,3.604B,787.00M,1.079B,722.00M,118.00M,274.00M,1.954B,424.00M,14.38B,21.58B,0,9.002B,2.187B,7.195B,12.58B,5.008B,698.00M,224.00M,619.00M
ATVI,2020-06,-634.00M,6.338B,469.00M,0,1.222B,0.75,0.75,10.38B,1.052B,1.463B,2020-06,45.00M,580.00M,-21.00M,-21.00M,222.00M,436.00M,2.676B,755.00M,1.335B,727.00M,147.00M,291.00M,1.932B,417.00M,13.68B,20.22B,0,7.719B,2.557B,6.538B,12.50B,3.981B,708.00M,177.00M,614.00M
ATVI,2020-03,-628.00M,5.906B,505.00M,0,1.064B,0.66,0.65,10.35B,0,1.283B,2020-03,43.00M,505.00M,-7.00M,-7.00M,236.00M,458.00M,2.675B,635.00M,1.496B,604.00M,99.00M,238.00M,1.788B,410.00M,13.02B,19.60B,0,7.119B,2.56B,6.583B,12.48B,4.023B,648.00M,158.00M,590.00M
ATVI,2019-12,-619.00M,5.794B,657.00M,0,1.375B,0.68,0.68,10.35B,0,1.329B,2019-12,174.00M,525.00M,-4.00M,-4.00M,253.00M,505.00M,2.675B,482.00M,1.54B,447.00M,-78.00M,296.00M,1.986B,551.00M,12.80B,19.84B,0,7.292B,2.915B,7.04B,12.55B,4.125B,847.00M,292.00M,848.00M
ATVI,2019-09,-607.00M,4.939B,442.00M,0,695.00M,0.27,0.26,10.46B,0,840.00M,2019-09,0,204.00M,-3.00M,-3.00M,249.00M,23.00M,2.674B,271.00M,1.056B,249.00M,45.00M,210.00M,1.282B,359.00M,12.24B,17.80B,0,6.012B,1.751B,5.57B,11.79B,3.819B,569.00M,274.00M,386.00M
ATVI,2019-06,-608.00M,4.592B,433.00M,0,728.00M,0.43,0.43,10.49B,0,963.00M,2019-06,0,328.00M,-4.00M,-4.00M,259.00M,20.00M,2.673B,358.00M,911.00M,370.00M,42.00M,244.00M,1.396B,361.00M,11.98B,17.50B,0,5.663B,1.639B,5.518B,11.83B,3.879B,605.00M,180.00M,455.00M
ATVI,2019-03,-602.00M,4.696B,563.00M,0,931.00M,0.58,0.58,10.52B,0,1.262B,2019-03,0,447.00M,-2.00M,-2.00M,264.00M,22.00M,2.672B,627.00M,1.364B,567.00M,120.00M,249.00M,1.825B,386.00M,11.60B,17.95B,0,6.037B,2.295B,6.352B,11.91B,4.057B,635.00M,166.00M,594.00M
ATVI,2018-12,-601.00M,4.225B,832.00M,0,1.493B,0.85,0.84,10.56B,0,1.549B,2018-12,0,686.00M,-7.00M,-7.00M,282.00M,18.00M,2.671B,704.00M,1.149B,690.00M,4.00M,325.00M,2.381B,520.00M,11.39B,17.89B,0,6.106B,2.642B,6.498B,11.78B,3.856B,845.00M,253.00M,1.035B
ATVI,2018-09,-613.00M,3.308B,513.00M,0,1.017B,0.34,0.34,10.76B,0,999.00M,2018-09,0,260.00M,-16.00M,-16.00M,281.00M,11.00M,2.67B,265.00M,1.365B,212.00M,-48.00M,263.00M,1.512B,471.00M,10.66B,16.71B,0,4.972B,2.382B,6.054B,11.74B,3.672B,734.00M,312.00M,641.00M
ATVI,2018-06,-605.00M,4.857B,510.00M,1.481B,832.00M,0.53,0.52,10.80B,979.00M,1.131B,2018-06,36.00M,402.00M,-25.00M,-25.00M,281.00M,13.00M,4.394B,434.00M,1.228B,408.00M,6.00M,255.00M,1.641B,442.00M,10.35B,17.96B,0,6.134B,2.06B,7.612B,11.82B,5.552B,697.00M,167.00M,418.00M
ATVI,2018-03,-649.00M,5.217B,662.00M,56.00M,1.204B,0.66,0.65,10.84B,805.00M,1.303B,2018-03,42.00M,500.00M,-28.00M,-28.00M,286.00M,16.00M,4.392B,595.00M,1.723B,567.00M,67.00M,259.00M,1.965B,449.00M,9.819B,18.40B,0,6.41B,2.927B,8.578B,11.99B,5.651B,708.00M,172.00M,431.00M
ATVI,2017-12,-638.00M,4.713B,803.00M,64.00M,1.929B,-0.77,-0.77,10.96B,0,1.24B,2017-12,46.00M,-585.00M,-29.00M,-29.00M,294.00M,21.00M,4.39B,236.00M,1.734B,184.00M,769.00M,319.00M,2.043B,685.00M,9.462B,18.67B,0,6.52B,3.663B,9.206B,12.15B,5.543B,1.004B,323.00M,918.00M
ATVI,2017-09,-642.00M,3.576B,552.00M,0,1.373B,0.25,0.25,11.17B,0,1.066B,2017-09,94.00M,188.00M,-37.00M,-37.00M,254.00M,40.00M,4.388B,257.00M,1.016B,220.00M,32.00M,273.00M,1.618B,536.00M,9.967B,17.72B,0,5.386B,2.389B,7.751B,12.33B,5.362B,809.00M,313.00M,888.00M
ATVI,2017-06,-640.00M,3.278B,561.00M,0,940.00M,0.32,0.32,11.35B,0,1.07B,2017-06,51.00M,243.00M,-46.00M,-46.00M,246.00M,38.00M,4.387B,339.00M,825.00M,293.00M,50.00M,252.00M,1.631B,479.00M,9.715B,16.81B,0,4.352B,1.765B,7.093B,12.46B,5.328B,731.00M,163.00M,360.00M
ATVI,2017-03,-625.00M,3.248B,585.00M,0,1.153B,0.57,0.56,11.51B,0,1.141B,2017-03,48.00M,426.00M,-40.00M,-40.00M,245.00M,41.00M,4.393B,493.00M,1.086B,453.00M,27.00M,225.00M,1.726B,423.00M,9.436B,16.92B,0,4.356B,2.239B,7.485B,12.56B,5.246B,648.00M,150.00M,344.00M
ATVI,2016-12,-629.00M,3.245B,776.00M,0,1.628B,0.34,0.33,11.68B,0,1.238B,2016-12,49.00M,253.00M,-33.00M,-33.00M,258.00M,44.00M,4.887B,425.00M,1.028B,300.00M,47.00M,285.00M,2.014B,528.00M,9.119B,17.45B,0,4.83B,2.656B,8.333B,12.62B,5.677B,813.00M,222.00M,732.00M
ATVI,2016-09,-653.00M,4.029B,529.00M,0,1.32B,0.27,0.26,11.92B,0,1.039B,2016-09,131.00M,199.00M,-63.00M,-63.00M,258.00M,43.00M,4.881B,294.00M,900.00M,231.00M,32.00M,249.00M,1.568B,496.00M,8.818B,18.38B,0,5.334B,3.701B,9.562B,13.05B,5.861B,745.00M,211.00M,446.00M
ATVI,2016-06,-649.00M,2.271B,598.00M,0,1.238B,0.2,0.2,12.20B,0,972.00M,2016-06,94.00M,151.00M,-65.00M,-65.00M,260.00M,50.00M,4.977B,232.00M,897.00M,167.00M,16.00M,249.00M,1.57B,491.00M,8.554B,16.61B,0,3.42B,2.191B,8.053B,13.19B,5.862B,740.00M,176.00M,462.00M
ATVI,2016-03,-643.00M,2.872B,491.00M,0,1.207B,0.49,0.48,12.37B,0,964.00M,2016-03,103.00M,363.00M,-52.00M,-52.00M,246.00M,57.00M,5.777B,461.00M,1.051B,409.00M,46.00M,175.00M,1.455B,328.00M,8.348B,17.30B,0,4.008B,2.322B,8.954B,13.29B,6.632B,503.00M,150.00M,383.00M
ATVI,2015-12,-633.00M,1.823B,538.00M,25.00M,1.702B,0.22,0.21,7.657B,597.00M,814.00M,2015-12,128.00M,159.00M,-47.00M,-47.00M,189.00M,10.00M,4.074B,249.00M,909.00M,202.00M,43.00M,193.00M,1.352B,372.00M,8.068B,15.25B,0,3.387B,2.611B,7.178B,11.86B,4.567B,565.00M,284.00M,679.00M
ATVI,2015-09,-544.00M,4.519B,337.00M,0,907.00M,0.17,0.17,7.613B,501.00M,653.00M,2015-09,238.00M,127.00M,-51.00M,-51.00M,200.00M,110.00M,4.078B,196.00M,703.00M,145.00M,18.00M,159.00M,990.00M,298.00M,7.989B,14.30B,0,6.309B,1.61B,6.313B,7.993B,4.703B,457.00M,309.00M,503.00M
ATVI,2015-06,-545.00M,4.521B,297.00M,0,837.00M,0.29,0.29,7.623B,586.00M,747.00M,2015-06,117.00M,212.00M,-50.00M,-50.00M,179.00M,126.00M,4.077B,332.00M,708.00M,282.00M,70.00M,149.00M,1.044B,266.00M,7.801B,14.02B,0,6.051B,1.545B,6.214B,7.964B,4.669B,415.00M,198.00M,201.00M
ATVI,2015-03,-619.00M,4.47B,413.00M,0,1.161B,0.54,0.53,7.609B,0,865.00M,2015-03,102.00M,394.00M,-50.00M,-50.00M,158.00M,124.00M,4.075B,542.00M,738.00M,492.00M,98.00M,145.00M,1.278B,178.00M,7.238B,13.78B,0,5.863B,1.899B,6.539B,7.914B,4.64B,323.00M,123.00M,208.00M
ATVI,2014-12,-303.00M,4.858B,631.00M,0,1.797B,0.49,0.49,7.586B,0,944.00M,2014-12,123.00M,361.00M,-50.00M,-50.00M,157.00M,10.00M,4.324B,438.00M,917.00M,388.00M,27.00M,184.00M,1.575B,322.00M,7.233B,14.64B,0,6.541B,2.714B,7.409B,8.101B,4.695B,506.00M,325.00M,659.00M
ATVI,2014-09,-157.00M,3.828B,253.00M,0,1.305B,-0.03,-0.03,7.637B,0,500.00M,2014-09,222.00M,-23.00M,-51.00M,-51.00M,162.00M,82.00M,4.322B,8.00M,807.00M,-43.00M,-20.00M,131.00M,753.00M,361.00M,6.992B,13.86B,0,5.957B,2.112B,6.863B,7.898B,4.751B,492.00M,266.00M,689.00M
ATVI,2014-06,44.00M,4.204B,300.00M,0,769.00M,0.28,0.28,7.629B,0,670.00M,2014-06,151.00M,204.00M,-50.00M,-50.00M,162.00M,82.00M,4.321B,310.00M,674.00M,260.00M,56.00M,112.00M,970.00M,248.00M,7.171B,13.36B,0,5.474B,1.443B,6.189B,7.886B,4.746B,360.00M,167.00M,107.00M
ATVI,2014-03,63.00M,4.287B,342.00M,0,1.092B,0.4,0.4,7.607B,0,769.00M,2014-03,158.00M,293.00M,-51.00M,-51.00M,152.00M,86.00M,4.32B,427.00M,801.00M,376.00M,83.00M,143.00M,1.111B,199.00M,6.924B,13.53B,0,5.694B,1.893B,6.604B,7.834B,4.711B,342.00M,166.00M,219.00M
ATVI,2013-12,68.00M,4.431B,654.00M,0,1.389B,0.23,0.22,7.589B,0,864.00M,2013-12,171.00M,173.00M,-52.00M,-52.00M,138.00M,66.00M,4.668B,285.00M,991.00M,233.00M,60.00M,197.00M,1.518B,382.00M,6.622B,14.01B,0,6.241B,2.405B,7.39B,7.771B,4.985B,579.00M,355.00M,510.00M
ATVI,2013-09,18.00M,4.539B,175.00M,0,641.00M,0.05,0.05,7.643B,0,516.00M,2013-09,313.00M,56.00M,-4.00M,-4.00M,139.00M,71.00M,2.211B,70.00M,792.00M,66.00M,10.00M,140.00M,691.00M,306.00M,12.14B,16.06B,0,8.251B,1.433B,3.921B,7.809B,2.488B,446.00M,286.00M,205.00M
ATVI,2013-06,-62.00M,4.546B,285.00M,0,665.00M,0.28,0.28,7.631B,513.00M,765.00M,2013-06,131.00M,324.00M,0,0,132.00M,77.00M,0,430.00M,528.00M,430.00M,106.00M,123.00M,1.05B,212.00M,11.94B,13.41B,0,5.629B,1.193B,1.476B,7.782B,283.00M,335.00M,139.00M,117.00M
ATVI,2013-03,-95.00M,4.618B,416.00M,0,1.125B,0.4,0.4,7.77B,533.00M,908.00M,2013-03,159.00M,456.00M,2.00M,2.00M,133.00M,83.00M,0,587.00M,774.00M,589.00M,133.00M,125.00M,1.324B,196.00M,11.54B,13.72B,0,5.803B,1.899B,2.19B,7.922B,291.00M,321.00M,186.00M,237.00M
ATVI,2012-12,-26.00M,4.357B,684.00M,0,1.657B,0.31,0.31,7.766B,0,1.084B,2012-12,209.00M,354.00M,1.00M,1.00M,141.00M,25.00M,0,484.00M,995.00M,487.00M,133.00M,220.00M,1.768B,380.00M,11.32B,14.20B,0,6.274B,2.652B,2.883B,7.926B,231.00M,600.00M,343.00M,707.00M
ATVI,2012-09,-74.00M,3.364B,237.00M,0,847.00M,0.2,0.2,7.776B,0,604.00M,2012-09,291.00M,226.00M,1.00M,1.00M,148.00M,60.00M,0,227.00M,708.00M,228.00M,2.00M,125.00M,841.00M,252.00M,10.88B,12.66B,0,4.702B,1.555B,1.778B,7.959B,223.00M,377.00M,253.00M,200.00M
ATVI,2012-06,-124.00M,3.192B,377.00M,0,905.00M,0.16,0.16,7.759B,0,698.00M,2012-06,128.00M,185.00M,0,0,149.00M,61.00M,0,227.00M,579.00M,229.00M,44.00M,145.00M,1.075B,326.00M,10.56B,12.27B,0,4.332B,1.484B,1.705B,7.937B,221.00M,471.00M,163.00M,227.00M
ATVI,2012-03,-33.00M,3.476B,364.00M,0,917.00M,0.34,0.33,7.73B,0,808.00M,2012-03,146.00M,384.00M,0,0,154.00M,57.00M,0,513.00M,857.00M,514.00M,130.00M,114.00M,1.172B,181.00M,10.49B,12.48B,0,4.566B,1.774B,1.996B,7.916B,222.00M,295.00M,181.00M,103.00M
ATVI,2011-12,-72.00M,3.525B,739.00M,0,1.472B,0.09,0.08,7.706B,0,668.00M,2011-12,144.00M,99.00M,0,0,163.00M,55.00M,0,25.00M,1.084B,20.00M,-79.00M,239.00M,1.407B,404.00M,10.49B,13.28B,0,5.38B,2.556B,2.785B,7.897B,229.00M,643.00M,390.00M,649.00M
ATVI,2011-09,-29.00M,2.901B,237.00M,0,487.00M,0.13,0.13,7.811B,0,517.00M,2011-09,207.00M,148.00M,0,0,167.00M,95.00M,0,165.00M,792.00M,165.00M,17.00M,133.00M,754.00M,219.00M,10.57B,12.11B,0,4.082B,1.279B,1.542B,8.031B,263.00M,352.00M,250.00M,139.00M
ATVI,2011-06,29.00M,2.944B,343.00M,0,601.00M,0.29,0.29,7.813B,0,803.00M,2011-06,93.00M,335.00M,0,0,163.00M,97.00M,0,470.00M,645.00M,469.00M,134.00M,116.00M,1.146B,217.00M,10.46B,11.97B,0,3.954B,1.246B,1.507B,8.018B,261.00M,333.00M,156.00M,140.00M
ATVI,2011-03,26.00M,3.359B,452.00M,0,1.043B,0.42,0.42,7.813B,0,997.00M,2011-03,103.00M,503.00M,0,0,165.00M,83.00M,0,693.00M,848.00M,676.00M,173.00M,142.00M,1.449B,162.00M,10.24B,12.38B,0,4.349B,1.891B,2.14B,8.028B,249.00M,304.00M,172.00M,95.00M
