Ticker,Date,Accrued Comprehensive Inc,Cash and Short Term Investments,Cost of Goods Sold,Current Debt & Capital Lease Obligation,Current Deferred Liabilities,EPS Basic,EPS Diluted,Goodwill and Intangibles,Gross PP&E,Gross Profit,Income (Quarterly),Inventories,Net Income,Net Non-Operating Interest Income Expense,Net Operating Interest Income,Net PP&E,Non-Current Deferred Liabilities,Non-Current Portion of LTD and Capital Lease Obligation,Operating Income,Payables and Accrued Expenses,Pre-Tax Income,Provision for Income Taxes,Research and Development Expense,Revenue,SG&A Expense,Shareholders Equity,Total Assets,Total Capital Stock,Total Current Assets,Total Current Liabilities,Total Liabilities,Total Long Term Assets,Total Long Term Liabilities,Total Operating Expenses,Total Payables,Total Receivables
AVGO,2021-01,-107.00M,9.552B,2.703B,864.00M,3.098B,3.2,3.05,58.88B,5.331B,3.952B,2021-01,952.00M,1.378B,-570.00M,-570.00M,2.496B,735.00M,41.07B,1.908B,1.46B,1.384B,6.00M,1.211B,6.655B,339.00M,24.00B,76.97B,26.00M,14.30B,6.694B,52.97B,62.67B,46.28B,2.044B,1.46B,2.524B
AVGO,2020-10,-108.00M,7.618B,2.72B,827.00M,2.62B,3.09,2.93,60.23B,4.896B,3.747B,2020-10,1.003B,1.324B,-367.00M,-367.00M,2.509B,823.00M,40.24B,1.561B,1.276B,1.137B,-187.00M,1.182B,6.467B,405.00M,23.90B,75.93B,27.00M,11.90B,6.371B,52.03B,64.04B,45.66B,2.186B,1.276B,2.297B
AVGO,2020-07,-131.00M,8.857B,2.505B,922.00M,2.793B,1.52,1.45,61.80B,4.529B,3.316B,2020-07,1.081B,688.00M,-464.00M,-464.00M,2.567B,670.00M,43.20B,1.06B,1.479B,593.00M,-96.00M,1.228B,5.821B,428.00M,23.58B,79.30B,28.00M,13.68B,6.702B,55.71B,65.62B,49.01B,2.256B,1.479B,2.684B
AVGO,2020-04,-131.00M,9.207B,2.553B,819.00M,3.065B,1.22,1.17,63.37B,0,3.189B,2020-04,953.00M,563.00M,-487.00M,-487.00M,2.618B,711.00M,45.04B,820.00M,1.23B,409.00M,-159.00M,1.269B,5.742B,501.00M,23.97B,81.55B,28.00M,14.22B,6.601B,57.58B,67.33B,50.98B,2.369B,1.23B,3.211B
AVGO,2020-01,-132.00M,6.444B,2.594B,2.311B,2.88B,0.78,0.74,64.94B,0,3.264B,2020-01,944.00M,385.00M,-406.00M,-406.00M,2.616B,788.00M,42.41B,771.00M,985.00M,304.00M,-76.00M,1.289B,5.858B,601.00M,24.40B,81.01B,28.00M,12.11B,7.739B,56.61B,68.90B,48.87B,2.493B,985.00M,3.651B
AVGO,2019-10,-140.00M,5.055B,2.624B,2.787B,1.501B,2.06,1.97,54.27B,0,3.152B,2019-10,874.00M,847.00M,-263.00M,-263.00M,2.565B,307.00M,30.01B,1.092B,1.084B,747.00M,-100.00M,1.177B,5.776B,409.00M,24.97B,67.49B,29.00M,9.917B,6.899B,42.52B,57.58B,35.62B,2.06B,1.084B,3.259B
AVGO,2019-07,-116.00M,5.462B,2.481B,3.537B,1.872B,1.8,1.71,55.56B,0,3.034B,2019-07,1.091B,715.00M,-362.00M,-362.00M,2.611B,2.057B,34.03B,914.00M,1.26B,544.00M,-171.00M,1.235B,5.515B,410.00M,21.50B,69.77B,21.62B,10.90B,8.282B,48.26B,58.87B,39.98B,2.12B,1.26B,3.539B
AVGO,2019-04,-116.00M,5.328B,2.428B,3.537B,2.028B,1.74,1.64,56.85B,0,3.089B,2019-04,1.034B,691.00M,-376.00M,-376.00M,2.654B,2.313B,34.01B,1.046B,1.049B,657.00M,-36.00M,1.151B,5.517B,419.00M,22.17B,70.92B,22.29B,10.68B,8.503B,48.74B,60.24B,40.24B,2.043B,1.049B,3.484B
AVGO,2019-01,-116.00M,5.093B,2.581B,3.537B,1.692B,1.17,1.12,58.14B,0,3.208B,2019-01,1.074B,471.00M,-345.00M,-345.00M,2.684B,2.593B,34.10B,1.128B,1.394B,278.00M,-203.00M,1.133B,5.789B,471.00M,23.22B,72.11B,23.08B,10.60B,8.349B,48.89B,61.51B,40.54B,2.08B,1.394B,3.677B
AVGO,2018-10,-115.00M,4.292B,2.509B,0,164.00M,2.71,2.64,37.68B,0,2.935B,2018-10,1.124B,1.115B,-34.00M,-34.00M,2.635B,0,17.49B,1.683B,1.299B,1.422B,307.00M,948.00M,5.444B,237.00M,26.66B,50.12B,0,9.107B,2.338B,23.47B,41.02B,21.13B,1.252B,973.00M,3.325B
AVGO,2018-07,-106.00M,4.136B,2.444B,117.00M,183.00M,2.78,2.71,38.52B,4.092B,2.619B,2018-07,1.216B,1.196B,-149.00M,-149.00M,2.695B,178.00M,17.49B,1.358B,1.008B,1.229B,32.00M,959.00M,5.063B,234.00M,27.45B,50.37B,23.29B,8.695B,2.187B,22.92B,41.68B,20.73B,1.261B,845.00M,3.083B
AVGO,2018-04,-106.00M,8.187B,2.463B,117.00M,51.00M,8.83,8.33,39.25B,3.638B,2.551B,2018-04,1.235B,3.718B,-148.00M,-148.00M,2.72B,266.00M,17.48B,1.254B,836.00M,1.099B,-2.637B,936.00M,5.014B,294.00M,32.07B,54.94B,24.30B,12.47B,2.124B,22.87B,42.46B,20.74B,1.297B,836.00M,2.836B
AVGO,2018-01,-82.00M,7.076B,2.699B,117.00M,0,15.2,14.62,40.07B,0,2.628B,2018-01,1.291B,6.23B,-183.00M,-183.00M,2.747B,1.243B,17.48B,1.073B,816.00M,795.00M,-5.786B,925.00M,5.327B,291.00M,25.90B,54.54B,20.85B,11.22B,1.97B,25.46B,43.32B,23.49B,1.555B,816.00M,2.459B
AVGO,2017-10,-91.00M,11.20B,2.461B,117.00M,0,1.56,1.5,35.54B,0,2.383B,2017-10,1.447B,624.00M,-75.00M,-75.00M,2.599B,10.02B,17.43B,920.00M,1.488B,645.00M,89.00M,838.00M,4.844B,184.00M,20.28B,54.42B,20.50B,15.82B,2.529B,31.23B,38.60B,28.70B,1.463B,1.228B,2.603B
AVGO,2017-07,-133.00M,5.449B,2.314B,454.00M,0,1.18,1.14,36.63B,0,2.149B,2017-07,1.431B,481.00M,-112.00M,-112.00M,2.909B,9.859B,13.57B,681.00M,1.158B,548.00M,39.00M,827.00M,4.463B,200.00M,19.80B,49.94B,20.18B,9.943B,2.218B,27.24B,40.00B,25.02B,1.468B,1.158B,2.417B
AVGO,2017-04,-133.00M,4.454B,2.214B,334.00M,0,1.09,1.05,37.72B,0,1.976B,2017-04,1.311B,440.00M,-112.00M,-112.00M,2.762B,10.24B,13.57B,501.00M,925.00M,365.00M,-103.00M,829.00M,4.19B,204.00M,19.42B,49.85B,19.87B,8.468B,2.052B,27.51B,41.38B,25.45B,1.475B,925.00M,2.073B
AVGO,2017-01,-134.00M,3.536B,2.138B,344.00M,0,0.6,0.57,38.77B,0,2.001B,2017-01,1.336B,239.00M,-111.00M,-111.00M,2.646B,10.27B,13.56B,552.00M,1.047B,267.00M,10.00M,808.00M,4.139B,201.00M,19.03B,49.62B,19.50B,7.35B,2.122B,27.61B,42.27B,25.48B,1.449B,1.047B,1.947B
AVGO,2016-10,-134.00M,3.097B,1.965B,0,0,-1.59,-1.59,39.80B,0,2.171B,2016-10,1.40B,-632.00M,-96.00M,-96.00M,2.509B,10.29B,13.19B,785.00M,1.709B,235.00M,841.00M,806.00M,4.136B,224.00M,18.89B,49.97B,19.24B,7.125B,3.078B,28.09B,42.84B,25.01B,1.386B,1.378B,2.181B
AVGO,2016-07,-72.00M,1.961B,2.01B,0,0,-0.75,-0.75,40.60B,0,1.782B,2016-07,1.306B,-298.00M,-139.00M,-139.00M,2.573B,9.614B,13.38B,10.00M,1.127B,-420.00M,-117.00M,814.00M,3.792B,230.00M,19.47B,49.75B,18.93B,6.048B,2.728B,27.25B,43.70B,24.52B,1.772B,1.127B,2.181B
AVGO,2016-04,-73.00M,2.041B,2.495B,0,0,-3.02,-3.02,41.72B,0,1.046B,2016-04,1.467B,-1.186B,-256.00M,-256.00M,2.486B,0,14.66B,-714.00M,985.00M,-1.316B,-99.00M,787.00M,3.541B,238.00M,19.70B,51.41B,18.66B,6.687B,2.651B,28.64B,44.72B,25.99B,1.76B,985.00M,1.857B
AVGO,2016-01,-73.00M,2.169B,830.00M,46.00M,0,1.36,1.3,4.774B,2.236B,941.00M,2016-01,490.00M,377.00M,-84.00M,-84.00M,1.505B,9.00M,3.892B,506.00M,523.00M,394.00M,17.00M,267.00M,1.771B,114.00M,5.121B,10.78B,2.699B,3.971B,862.00M,5.656B,6.806B,4.794B,435.00M,523.00M,1.06B
AVGO,2015-10,-73.00M,1.822B,843.00M,46.00M,0,1.55,1.49,4.951B,1.851B,997.00M,2015-10,524.00M,429.00M,-33.00M,-33.00M,1.46B,0,3.826B,529.00M,617.00M,485.00M,15.00M,287.00M,1.84B,118.00M,4.714B,10.52B,2.547B,3.759B,1.119B,5.801B,6.756B,4.682B,468.00M,617.00M,1.019B
AVGO,2015-07,-49.00M,1.354B,851.00M,46.00M,0,0.91,0.84,5.198B,1.232B,884.00M,2015-07,507.00M,240.00M,-43.00M,-43.00M,1.392B,0,3.915B,397.00M,501.00M,267.00M,23.00M,276.00M,1.735B,143.00M,4.281B,9.988B,2.403B,3.169B,952.00M,5.707B,6.819B,4.755B,487.00M,501.00M,809.00M
AVGO,2015-04,-49.00M,2.508B,768.00M,46.00M,0,1.33,1.21,4.876B,0,846.00M,2015-04,490.00M,344.00M,-53.00M,-53.00M,1.344B,0,4.852B,428.00M,501.00M,364.00M,25.00M,251.00M,1.614B,108.00M,4.061B,10.53B,2.319B,4.076B,906.00M,6.471B,6.456B,5.565B,418.00M,501.00M,758.00M
AVGO,2015-01,-49.00M,2.569B,809.00M,46.00M,0,1.38,1.26,5.041B,0,826.00M,2015-01,500.00M,351.00M,-54.00M,-54.00M,1.269B,0,5.454B,415.00M,452.00M,351.00M,13.00M,235.00M,1.635B,117.00M,3.628B,10.70B,2.131B,4.098B,845.00M,7.069B,6.599B,6.224B,411.00M,452.00M,718.00M
AVGO,2014-10,-50.00M,1.604B,802.00M,46.00M,0,0.53,0.5,5.213B,0,788.00M,2014-10,519.00M,135.00M,-48.00M,-48.00M,1.158B,0,5.463B,334.00M,572.00M,263.00M,126.00M,234.00M,1.59B,129.00M,3.243B,10.49B,2.009B,3.835B,1.016B,7.248B,6.656B,6.232B,454.00M,572.00M,782.00M
AVGO,2014-07,-7.00M,1.277B,876.00M,46.00M,0,-0.65,-0.65,5.078B,0,393.00M,2014-07,482.00M,-164.00M,-55.00M,-55.00M,1.016B,0,5.472B,-75.00M,459.00M,-219.00M,-99.00M,240.00M,1.269B,137.00M,3.098B,10.26B,1.875B,3.84B,940.00M,7.164B,6.422B,6.224B,468.00M,459.00M,590.00M
AVGO,2014-04,-7.00M,1.278B,344.00M,1.00M,0,0.63,0.61,833.00M,0,357.00M,2014-04,301.00M,158.00M,-1.00M,-1.00M,731.00M,0,1.00M,168.00M,274.00M,159.00M,1.00M,114.00M,701.00M,67.00M,3.154B,3.671B,1.694B,2.034B,416.00M,517.00M,1.637B,101.00M,189.00M,274.00M,319.00M
AVGO,2014-01,-7.00M,1.112B,370.00M,0,0,0.54,0.53,859.00M,0,339.00M,2014-01,286.00M,134.00M,0,0,684.00M,0,0,151.00M,257.00M,139.00M,5.00M,107.00M,709.00M,74.00M,2.992B,3.472B,1.622B,1.859B,364.00M,480.00M,1.613B,116.00M,188.00M,257.00M,323.00M
AVGO,2013-10,-6.00M,985.00M,392.00M,0,0,0.69,0.68,883.00M,0,346.00M,2013-10,285.00M,172.00M,4.00M,4.00M,661.00M,0,0,170.00M,293.00M,180.00M,8.00M,109.00M,738.00M,60.00M,2.886B,3.415B,1.587B,1.818B,414.00M,529.00M,1.597B,115.00M,176.00M,293.00M,418.00M
AVGO,2013-07,-2.00M,863.00M,340.00M,2.00M,8.00M,0.57,0.56,907.00M,988.00M,304.00M,2013-07,284.00M,142.00M,-1.00M,-1.00M,620.00M,0,1.00M,140.00M,266.00M,144.00M,2.00M,101.00M,644.00M,57.00M,2.726B,3.204B,1.538B,1.641B,380.00M,478.00M,1.563B,98.00M,164.00M,266.00M,365.00M
AVGO,2013-04,-7.00M,1.219B,290.00M,1.00M,10.00M,0.46,0.45,594.00M,737.00M,272.00M,2013-04,229.00M,113.00M,-1.00M,-1.00M,561.00M,0,2.00M,119.00M,240.00M,118.00M,5.00M,95.00M,562.00M,52.00M,2.611B,3.039B,1.518B,1.818B,330.00M,428.00M,1.221B,98.00M,153.00M,240.00M,271.00M
AVGO,2013-01,-9.00M,1.151B,300.00M,1.00M,0,0.51,0.5,583.00M,0,276.00M,2013-01,208.00M,125.00M,4.00M,4.00M,529.00M,0,2.00M,125.00M,196.00M,126.00M,1.00M,93.00M,576.00M,53.00M,2.518B,2.892B,1.493B,1.713B,277.00M,374.00M,1.179B,97.00M,151.00M,196.00M,266.00M
AVGO,2012-10,-11.00M,1.084B,319.00M,1.00M,0,0.65,0.64,602.00M,0,299.00M,2012-10,194.00M,159.00M,0,0,503.00M,0,2.00M,165.00M,269.00M,165.00M,6.00M,80.00M,618.00M,49.00M,2.419B,2.862B,1.479B,1.691B,346.00M,443.00M,1.171B,97.00M,134.00M,264.00M,359.00M
AVGO,2012-07,2.00M,973.00M,311.00M,1.00M,0,0.59,0.58,621.00M,0,295.00M,2012-07,216.00M,145.00M,0,0,453.00M,0,2.00M,151.00M,239.00M,150.00M,5.00M,89.00M,606.00M,49.00M,2.289B,2.715B,0,1.581B,342.00M,426.00M,1.134B,84.00M,144.00M,239.00M,330.00M
AVGO,2012-04,2.00M,954.00M,299.00M,1.00M,0,0.55,0.54,638.00M,0,278.00M,2012-04,218.00M,134.00M,-1.00M,-1.00M,402.00M,0,3.00M,138.00M,257.00M,140.00M,6.00M,84.00M,577.00M,51.00M,2.167B,2.611B,0,1.508B,356.00M,444.00M,1.103B,88.00M,140.00M,257.00M,274.00M
AVGO,2012-01,3.00M,819.00M,293.00M,2.00M,0,0.51,0.5,657.00M,0,270.00M,2012-01,193.00M,125.00M,1.00M,1.00M,354.00M,0,3.00M,133.00M,222.00M,130.00M,5.00M,82.00M,563.00M,50.00M,2.04B,2.444B,0,1.372B,314.00M,404.00M,1.072B,90.00M,137.00M,222.00M,308.00M
AVGO,2011-10,2.00M,829.00M,319.00M,2.00M,0,0.63,0.62,676.00M,0,304.00M,2011-10,194.00M,154.00M,0,0,316.00M,0,4.00M,160.00M,236.00M,159.00M,5.00M,83.00M,623.00M,55.00M,2.006B,2.446B,0,1.393B,350.00M,440.00M,1.053B,90.00M,144.00M,231.00M,328.00M
AVGO,2011-07,0,704.00M,306.00M,2.00M,0,0.59,0.57,696.00M,0,297.00M,2011-07,200.00M,144.00M,-1.00M,-1.00M,296.00M,0,4.00M,147.00M,196.00M,145.00M,1.00M,85.00M,603.00M,60.00M,1.87B,2.273B,0,1.229B,311.00M,403.00M,1.044B,92.00M,150.00M,196.00M,285.00M
AVGO,2011-04,-3.00M,596.00M,285.00M,2.00M,0,0.55,0.54,715.00M,0,275.00M,2011-04,194.00M,135.00M,0,0,285.00M,0,4.00M,139.00M,268.00M,137.00M,2.00M,76.00M,560.00M,55.00M,1.791B,2.177B,0,1.128B,296.00M,386.00M,1.049B,90.00M,136.00M,206.00M,289.00M
