Ticker,Date,Accrued Comprehensive Inc,Cash and Short Term Investments,Cost of Goods Sold,Current Debt & Capital Lease Obligation,Current Deferred Liabilities,EPS Basic,EPS Diluted,Goodwill and Intangibles,Gross PP&E,Gross Profit,Income (Quarterly),Inventories,Net Income,Net Non-Operating Interest Income Expense,Net Operating Interest Income,Net PP&E,Non-Current Deferred Liabilities,Non-Current Portion of LTD and Capital Lease Obligation,Operating Income,Payables and Accrued Expenses,Pre-Tax Income,Provision for Income Taxes,Revenue,SG&A Expense,Shareholders Equity,Total Assets,Total Capital Stock,Total Current Assets,Total Current Liabilities,Total Liabilities,Total Long Term Assets,Total Long Term Liabilities,Total Operating Expenses,Total Payables,Total Receivables
AVY,2020-12,-349.60M,252.30M,1.420B,64.70M,0,2.296,2.28,1.361B,3.476B,571.10M,2020-12,717.20M,191.50M,-15.60M,-15.60M,1.344B,117.30M,2.052B,269.30M,1.516B,255.30M,62.90M,1.991B,301.80M,1.485B,6.084B,124.10M,2.416B,1.926B,4.599B,3.668B,2.673B,301.80M,1.137B,1.235B
AVY,2020-09,-393.90M,284.70M,1.245B,124.10M,0,1.8,1.79,1.253B,3.302B,484.20M,2020-09,662.60M,150.50M,-15.60M,-15.60M,1.234B,111.40M,2.02B,225.90M,1.152B,197.80M,46.30M,1.729B,258.30M,1.335B,5.721B,124.10M,2.374B,1.816B,4.386B,3.346B,2.570B,258.30M,932.80M,1.213B
AVY,2020-06,-403.20M,262.60M,1.146B,268.60M,0,0.96,0.95,1.235B,3.236B,382.90M,2020-06,726.60M,79.70M,-20.00M,-20.00M,1.229B,113.30M,1.998B,163.50M,1.132B,103.30M,22.20M,1.528B,219.40M,1.214B,5.652B,124.10M,2.325B,1.910B,4.438B,3.327B,2.528B,219.40M,956.50M,1.115B
AVY,2020-03,-412.00M,742.00M,1.238B,832.30M,0,1.61,1.6,1.226B,3.193B,485.10M,2020-03,723.30M,134.20M,-18.80M,-18.80M,1.232B,122.90M,1.988B,204.10M,1.22B,180.90M,46.30M,1.723B,281.00M,1.173B,6.261B,124.10M,2.914B,2.560B,5.088B,3.347B,2.527B,281.00M,1.031B,1.222B
AVY,2019-12,-348.10M,253.70M,1.288B,440.20M,0,1.949,1.92,1.057B,3.172B,484.70M,2019-12,663.00M,162.50M,-17.80M,-17.80M,1.211B,110.30M,1.499B,211.60M,1.490B,165.30M,2.20M,1.773B,273.10M,1.204B,5.489B,124.10M,2.341B,2.254B,4.285B,3.148B,2.031B,273.10M,1.138B,1.212B
AVY,2019-09,-399.30M,224.20M,1.290B,514.20M,0,1.72,1.71,1.050B,3.083B,471.70M,2019-09,665.00M,144.60M,-19.00M,-19.00M,1.142B,102.70M,1.484B,206.40M,1.233B,179.90M,34.60M,1.761B,265.30M,1.057B,5.339B,124.10M,2.333B,2.268B,4.281B,3.005B,2.013B,265.30M,1.041B,1.224B
AVY,2019-06,-369.80M,247.30M,1.313B,558.50M,0,1.7,1.69,1.077B,3.091B,482.30M,2019-06,671.00M,143.40M,-19.50M,-19.50M,1.144B,112.10M,1.503B,216.60M,1.225B,188.70M,44.90M,1.796B,265.70M,1.062B,5.390B,124.10M,2.377B,2.278B,4.327B,3.012B,2.049B,265.70M,1.055B,1.232B
AVY,2019-03,-359.40M,225.70M,1.275B,350.30M,0,-1.74,-1.74,1.078B,3.083B,465.40M,2019-03,688.30M,-146.90M,-19.50M,-19.50M,1.145B,120.40M,1.760B,189.10M,1.193B,-284.40M,-138.40M,1.740B,276.30M,991.90M,5.354B,124.10M,2.324B,2.040B,4.362B,3.03B,2.321B,276.30M,1.034B,1.199B
AVY,2018-12,-682.00M,232.00M,1.297B,194.60M,0,1.146,1.11,1.086B,3.054B,471.50M,2018-12,651.40M,97.10M,-16.30M,-16.30M,1.137B,122.10M,1.772B,197.00M,1.436B,87.80M,-9.50M,1.769B,274.50M,955.10M,5.178B,124.10M,2.298B,1.994B,4.222B,2.880B,2.228B,274.50M,1.089B,1.190B
AVY,2018-09,-740.40M,217.60M,1.300B,571.70M,0,1.71,1.69,1.102B,2.992B,459.20M,2018-09,682.50M,149.50M,-14.70M,-14.70M,1.087B,127.80M,1.295B,188.70M,1.252B,168.00M,17.70M,1.760B,270.50M,1.047B,5.182B,124.10M,2.359B,2.358B,4.135B,2.823B,1.777B,270.50M,1.048B,1.236B
AVY,2018-06,-719.70M,215.80M,1.353B,384.30M,0,1.09,1.07,1.110B,2.974B,501.40M,2018-06,660.80M,95.60M,-14.30M,-14.30M,1.084B,157.70M,1.290B,213.90M,1.211B,139.90M,43.90M,1.854B,287.50M,1.022B,5.163B,124.10M,2.328B,2.109B,4.141B,2.835B,2.032B,287.50M,1.034B,1.236B
AVY,2018-03,-639.60M,187.50M,1.293B,370.30M,0,1.42,1.4,1.172B,3.032B,483.40M,2018-03,678.20M,125.20M,-13.20M,-13.20M,1.118B,170.20M,1.343B,188.40M,1.238B,159.10M,33.30M,1.776B,295.00M,1.090B,5.280B,124.10M,2.332B,2.081B,4.191B,2.948B,2.109B,295.00M,1.064B,1.24B
AVY,2017-12,-680.50M,224.40M,1.270B,265.40M,0,-0.6772,-0.6772,1.151B,3.001B,465.60M,2017-12,609.60M,-59.60M,-13.30M,-13.30M,1.098B,173.30M,1.316B,184.50M,1.706B,157.30M,216.90M,1.735B,281.10M,1.046B,5.137B,124.10M,2.238B,1.972B,4.091B,2.899B,2.119B,281.10M,1.056B,1.209B
AVY,2017-09,-699.10M,232.30M,1.228B,383.00M,0,1.23,1.2,1.147B,2.941B,451.60M,2017-09,620.00M,108.30M,-16.80M,-16.80M,1.047B,134.70M,1.298B,178.10M,1.175B,146.80M,38.50M,1.680B,273.50M,1.135B,5.27B,124.10M,2.283B,2.023B,4.135B,2.987B,2.112B,273.50M,949.20M,1.185B
AVY,2017-06,-716.40M,209.40M,1.174B,444.00M,0,1.37,1.34,1.118B,2.866B,452.60M,2017-06,618.50M,120.90M,-16.20M,-16.20M,1.018B,117.30M,1.276B,181.80M,1.120B,149.50M,28.60M,1.627B,270.80M,1.070B,5.092B,124.10M,2.210B,1.972B,4.022B,2.882B,2.050B,270.80M,930.90M,1.138B
AVY,2017-03,-712.50M,294.90M,1.130B,333.20M,0,1.27,1.25,909.80M,2.736B,442.40M,2017-03,579.90M,112.20M,-16.70M,-16.70M,940.30M,91.90M,1.250B,162.60M,1.074B,135.90M,23.70M,1.572B,279.80M,1.015B,4.766B,124.10M,2.185B,1.759B,3.751B,2.581B,1.992B,279.80M,906.10M,1.100B
AVY,2016-12,-751.90M,195.10M,1.125B,579.10M,0,0.7021,0.69,860.30M,2.661B,425.40M,2016-12,519.10M,62.00M,-14.50M,-14.50M,915.20M,92.30M,713.40M,157.40M,1.425B,126.30M,64.30M,1.551B,268.00M,925.50M,4.396B,124.10M,1.905B,2.004B,3.471B,2.492B,1.467B,268.00M,879.80M,1.031B
AVY,2016-09,-669.00M,189.40M,1.091B,587.60M,0,1,0.98,892.50M,2.686B,417.60M,2016-09,565.30M,89.10M,-14.70M,-14.70M,905.40M,104.40M,713.00M,147.30M,1.074B,128.00M,38.90M,1.509B,270.30M,1.042B,4.600B,124.10M,2.014B,2.056B,3.558B,2.587B,1.502B,270.30M,866.70M,1.070B
AVY,2016-06,-688.80M,216.10M,1.107B,199.00M,0,0.9,0.88,727.40M,2.601B,434.10M,2016-06,524.10M,80.00M,-15.40M,-15.40M,838.70M,108.70M,962.90M,164.90M,1.393B,99.30M,19.30M,1.542B,269.20M,956.50M,4.295B,124.10M,1.942B,1.592B,3.338B,2.352B,1.746B,269.20M,867.90M,1.028B
AVY,2016-03,-661.20M,169.60M,1.063B,264.90M,0,1,0.98,736.40M,2.639B,422.60M,2016-03,519.50M,89.60M,-15.30M,-15.30M,847.90M,111.50M,963.30M,144.40M,1.329B,123.50M,33.90M,1.486B,278.20M,968.30M,4.249B,124.10M,1.887B,1.594B,3.281B,2.362B,1.687B,278.20M,836.90M,1.019B
AVY,2015-12,-683.00M,158.80M,1.062B,95.30M,44.30M,0.6257,0.62,732.00M,2.600B,392.30M,2015-12,478.70M,57.00M,-15.20M,-15.20M,847.90M,107.90M,963.60M,126.00M,1.364B,91.50M,35.00M,1.455B,266.30M,965.70M,4.134B,124.10M,1.775B,1.459B,3.168B,2.358B,1.709B,266.30M,859.70M,995.60M
AVY,2015-09,-655.10M,171.70M,1.062B,85.10M,47.60M,0.89,0.88,741.40M,2.607B,405.90M,2015-09,512.40M,81.70M,-14.70M,-14.70M,840.60M,133.40M,968.50M,137.80M,840.40M,116.10M,34.80M,1.468B,268.10M,1.055B,4.249B,124.10M,1.916B,1.470B,3.194B,2.333B,1.724B,268.10M,840.40M,999.00M
AVY,2015-06,-603.40M,246.00M,1.098B,182.20M,64.90M,0.7,0.68,754.10M,2.613B,417.60M,2015-06,512.10M,63.70M,-15.30M,-15.30M,851.70M,128.00M,969.50M,144.30M,856.00M,101.30M,36.60M,1.516B,273.30M,1.097B,4.354B,124.10M,1.998B,1.551B,3.257B,2.356B,1.706B,273.30M,856.00M,1.011B
AVY,2015-03,-613.70M,212.50M,1.098B,265.70M,60.10M,0.79,0.78,757.90M,2.566B,430.00M,2015-03,508.90M,71.90M,-15.30M,-15.30M,831.20M,124.10M,945.30M,129.60M,1.258B,100.00M,28.10M,1.528B,300.40M,1.026B,4.313B,124.10M,1.964B,1.607B,3.287B,2.348B,1.680B,300.40M,825.10M,988.00M
AVY,2014-12,-545.50M,207.20M,1.190B,204.30M,44.80M,0.7783,0.76,789.00M,2.654B,415.10M,2014-12,491.80M,70.60M,-16.90M,-16.90M,875.30M,127.80M,940.10M,129.30M,1.062B,97.80M,28.00M,1.605B,285.80M,1.048B,4.357B,124.10M,1.921B,1.593B,3.309B,2.436B,1.716B,285.80M,797.80M,958.10M
AVY,2014-09,-353.60M,195.60M,1.159B,167.10M,18.80M,0.65,0.63,815.90M,2.689B,400.70M,2014-09,547.20M,60.20M,-15.40M,-15.40M,884.10M,140.90M,945.10M,122.30M,867.00M,99.10M,38.20M,1.560B,278.40M,1.307B,4.494B,124.10M,2.070B,1.633B,3.187B,2.424B,1.554B,278.40M,867.00M,1.088B
AVY,2014-06,-278.60M,221.90M,1.188B,227.50M,35.50M,0.45,0.44,842.00M,2.725B,428.20M,2014-06,560.40M,42.50M,-15.60M,-15.60M,905.30M,143.90M,945.20M,131.20M,871.40M,77.10M,32.70M,1.616B,297.00M,1.429B,4.617B,124.10M,2.130B,1.623B,3.188B,2.487B,1.565B,297.00M,871.40M,1.115B
AVY,2014-03,-277.80M,205.10M,1.143B,167.90M,49.30M,0.74,0.73,849.70M,2.728B,407.20M,2014-03,547.60M,71.20M,-15.40M,-15.40M,919.00M,136.30M,950.40M,110.50M,887.30M,87.80M,16.20M,1.550B,296.70M,1.495B,4.591B,124.10M,2.073B,1.540B,3.096B,2.518B,1.556B,296.70M,887.30M,1.086B
AVY,2013-12,-281.10M,351.60M,1.168B,76.90M,90.80M,0.444,0.43,847.10M,2.703B,416.30M,2013-12,494.10M,40.10M,-17.90M,-17.90M,922.50M,137.30M,950.60M,122.20M,1.193B,100.60M,58.50M,1.584B,294.10M,1.492B,4.611B,124.10M,2.092B,1.554B,3.118B,2.519B,1.564B,294.10M,889.50M,1.016B
AVY,2013-09,-227.60M,309.60M,1.103B,114.80M,0,0.47,0.47,857.50M,2.677B,402.20M,2013-09,531.30M,46.50M,-16.00M,-16.00M,912.60M,149.60M,950.90M,116.50M,833.40M,74.80M,12.80M,1.505B,285.70M,1.574B,4.733B,124.10M,2.165B,1.573B,3.159B,2.568B,1.586B,285.70M,833.40M,1.056B
AVY,2013-06,-325.00M,211.60M,1.135B,438.20M,53.10M,0.69,0.68,856.70M,2.666B,417.50M,2013-06,508.00M,68.80M,-14.80M,-14.80M,922.40M,144.80M,951.40M,124.00M,821.30M,109.50M,38.70M,1.552B,293.50M,1.515B,5.191B,124.10M,2.589B,1.985B,3.676B,2.602B,1.692B,293.50M,821.30M,1.010B
AVY,2013-03,-291.30M,207.70M,1.097B,655.40M,51.20M,0.58,0.57,873.90M,2.658B,401.70M,2013-03,516.30M,57.80M,-12.20M,-12.20M,939.50M,142.60M,702.00M,100.80M,1.280B,81.10M,14.30M,1.499B,300.90M,1.574B,5.138B,124.10M,2.514B,2.126B,3.564B,2.624B,1.438B,300.90M,813.20M,988.70M
AVY,2012-12,-278.00M,235.40M,1.101B,520.20M,65.10M,0.4904,0.48,889.40M,2.871B,382.00M,2012-12,473.30M,49.00M,-18.00M,-18.00M,1.016B,140.50M,702.20M,93.30M,1.329B,47.20M,19.20M,1.483B,288.70M,1.581B,5.105B,124.10M,2.412B,2.074B,3.524B,2.694B,1.450B,288.70M,804.30M,972.80M
AVY,2012-09,-240.20M,190.70M,1.066B,674.40M,69.70M,0.58,0.57,901.10M,2.862B,381.00M,2012-09,532.70M,58.30M,-18.00M,-18.00M,1.007B,138.60M,702.70M,94.40M,777.00M,54.50M,18.60M,1.447B,286.60M,1.586B,5.102B,124.10M,2.449B,2.154B,3.517B,2.653B,1.363B,286.60M,777.00M,1.002B
AVY,2012-06,-293.60M,161.40M,1.102B,671.50M,60.40M,0.62,0.62,897.50M,2.826B,388.10M,2012-06,521.60M,64.20M,-18.60M,-18.60M,1.012B,130.90M,703.20M,103.40M,787.30M,73.60M,24.50M,1.490B,284.70M,1.570B,5.058B,124.10M,2.402B,2.122B,3.487B,2.656B,1.365B,284.70M,787.30M,982.00M
AVY,2012-03,-217.90M,190.70M,1.066B,613.20M,81.70M,0.42,0.41,922.90M,2.899B,377.10M,2012-03,518.80M,43.90M,-18.30M,-18.30M,1.060B,127.10M,703.70M,88.20M,764.50M,62.30M,17.70M,1.443B,288.90M,1.664B,5.071B,124.10M,2.336B,2.022B,3.407B,2.735B,1.384B,288.90M,764.50M,961.90M
AVY,2011-12,-263.20M,178.00M,960.70M,227.10M,81.80M,0.21,0.21,920.50M,2.868B,312.50M,2011-12,475.10M,22.20M,-18.00M,-18.00M,1.079B,125.80M,954.20M,56.30M,1.184B,17.40M,1.10M,1.273B,256.20M,1.658B,4.973B,124.10M,2.219B,1.647B,3.314B,2.754B,1.667B,256.20M,736.50M,877.10M
AVY,2011-09,-164.00M,119.70M,1.134B,433.20M,65.80M,0.47,0.47,1.137B,3.150B,366.90M,2011-09,571.20M,49.80M,-17.70M,-17.70M,1.177B,125.40M,954.50M,81.90M,719.90M,46.10M,10.70M,1.500B,285.00M,1.749B,5.060B,124.10M,2.037B,1.742B,3.311B,3.024B,1.569B,285.00M,719.90M,1.074B
AVY,2011-06,-69.20M,125.40M,1.148B,611.80M,52.20M,0.69,0.69,1.178B,3.271B,396.40M,2011-06,641.40M,73.30M,-17.70M,-17.70M,1.246B,138.70M,954.80M,113.10M,765.40M,87.10M,34.00M,1.545B,283.30M,1.805B,5.36B,124.10M,2.217B,1.947B,3.555B,3.143B,1.609B,283.30M,765.40M,1.133B
AVY,2011-03,-73.30M,120.40M,1.127B,567.60M,41.90M,0.43,0.42,1.181B,3.243B,399.50M,2011-03,630.60M,44.80M,-17.70M,-17.70M,1.255B,134.40M,955.40M,84.60M,816.60M,62.60M,25.70M,1.526B,314.90M,1.737B,5.315B,124.10M,2.160B,1.948B,3.578B,3.154B,1.630B,314.90M,816.60M,1.072B
