Ticker,Date,Accrued Comprehensive Inc,Cash and Short Term Investments,Current Debt & Capital Lease Obligation,EPS Basic,EPS Diluted,Goodwill and Intangibles,Gross PP&E,Income (Quarterly),Net Income,Net Loan Assets,Net PP&E,Non-Current Deferred Liabilities,Non-Current Portion of LTD and Capital Lease Obligation,Payables and Accrued Expenses,Pre-Tax Income,Provision for Income Taxes,Revenue,SG&A Expense,Shareholders Equity,Total Assets,Total Capital Stock,Total Current Assets,Total Current Liabilities,Total Liabilities,Total Long Term Assets,Total Long Term Liabilities,Total Operating Expenses,Total Payables,Total Receivables
AXP,2021-03,-2.898B,59.93B,1.578B,2.74,2.74,4.117B,12.74B,2021-03,2.235B,67.77B,4.943B,0,42.02B,8.585B,2.993B,758.00M,9.124B,3.316B,24.45B,193.07B,161.00M,101.98B,10.16B,168.62B,110.86B,131.31B,3.316B,8.585B,41.80B
AXP,2020-12,-2.895B,52.58B,1.878B,1.76,1.76,3.582B,12.56B,2020-12,1.438B,70.64B,5.015B,0,42.95B,11.75B,1.858B,420.00M,9.044B,3.424B,22.98B,191.37B,161.00M,96.10B,13.63B,168.38B,114.97B,132.16B,3.424B,10.39B,43.43B
AXP,2020-09,-2.872B,47.05B,1.716B,1.31,1.3,3.347B,12.30B,2020-09,1.073B,67.06B,4.835B,0,44.78B,8.232B,1.364B,291.00M,8.492B,3.23B,21.87B,187.26B,161.00M,87.90B,9.948B,165.39B,111.62B,130.38B,3.23B,8.232B,40.39B
AXP,2020-06,-2.911B,52.75B,1.567B,0.29,0.29,0,11.96B,2020-06,257.00M,68.56B,4.829B,0,48.80B,7.731B,622.00M,365.00M,7.467B,2.711B,21.06B,188.61B,161.00M,90.24B,9.298B,167.55B,109.81B,133.78B,2.711B,7.731B,37.03B
AXP,2020-03,-2.996B,38.59B,3.497B,0.41,0.41,0,11.60B,2020-03,367.00M,77.42B,4.798B,0,52.59B,7.977B,452.00M,85.00M,9.869B,3.10B,21.01B,186.06B,161.00M,84.40B,11.47B,165.05B,102.37B,130.70B,3.10B,7.977B,44.27B
AXP,2019-12,-2.737B,32.69B,6.442B,2.04,2.03,0,11.40B,2019-12,1.693B,89.62B,4.834B,0,57.84B,15.65B,1.986B,293.00M,10.81B,3.576B,23.07B,198.32B,163.00M,89.57B,22.09B,175.25B,117.08B,133.55B,3.576B,13.86B,56.79B
AXP,2019-09,-2.661B,30.88B,2.818B,2.09,2.08,0,11.40B,2019-09,1.755B,85.76B,4.715B,0,58.47B,12.87B,2.266B,511.00M,10.43B,3.32B,23.02B,194.18B,165.00M,89.98B,15.68B,171.16B,110.14B,133.70B,3.32B,12.87B,58.86B
AXP,2019-06,-2.606B,33.45B,2.827B,2.07,2.07,0,11.24B,2019-06,1.761B,85.12B,4.658B,0,57.74B,16.52B,2.219B,458.00M,10.28B,3.143B,23.09B,197.60B,167.00M,94.91B,19.34B,174.51B,109.26B,132.41B,3.143B,16.52B,61.26B
AXP,2019-03,-2.599B,37.47B,2.028B,1.81,1.8,0,10.79B,2019-03,1.55B,82.84B,4.479B,0,58.42B,16.16B,1.958B,408.00M,9.814B,2.997B,22.22B,197.19B,168.00M,97.24B,18.19B,174.98B,104.47B,133.72B,2.997B,16.16B,59.36B
AXP,2018-12,-2.597B,31.98B,3.10B,2.33,2.32,0,10.43B,2018-12,2.01B,83.40B,4.416B,0,58.42B,14.93B,1.831B,-179.00M,9.979B,3.121B,22.29B,188.60B,170.00M,87.36B,18.03B,166.31B,105.77B,130.55B,3.121B,13.33B,55.32B
AXP,2018-09,-2.504B,33.79B,2.292B,1.89,1.88,3.908B,10.41B,2018-09,1.654B,79.10B,4.295B,1.554B,55.30B,15.60B,2.118B,464.00M,9.687B,2.992B,21.46B,189.09B,171.00M,92.16B,17.90B,167.63B,99.76B,126.80B,2.992B,15.60B,58.13B
AXP,2018-06,-2.483B,31.48B,1.972B,1.85,1.84,3.795B,10.17B,2018-06,1.623B,76.69B,4.251B,1.411B,55.88B,13.80B,2.091B,468.00M,9.586B,2.943B,20.89B,184.86B,173.00M,89.58B,15.77B,163.97B,95.81B,125.54B,2.943B,13.80B,57.66B
AXP,2018-03,-2.381B,31.51B,1.852B,1.86,1.86,0,10.00B,2018-03,1.634B,73.91B,4.271B,0,52.46B,14.04B,2.082B,448.00M,9.309B,2.671B,19.61B,179.96B,172.00M,88.49B,15.89B,160.34B,91.78B,121.76B,2.671B,14.04B,56.87B
AXP,2017-12,-2.428B,35.99B,3.278B,-1.41,-1.41,0,9.784B,2017-12,-1.206B,74.30B,4.329B,0,55.80B,16.22B,1.798B,3.004B,9.324B,2.971B,18.26B,181.20B,172.00M,93.58B,19.50B,162.94B,88.75B,126.64B,2.971B,14.66B,56.74B
AXP,2017-09,-2.316B,26.08B,2.352B,1.51,1.51,0,10.16B,2017-09,1.359B,68.64B,4.367B,0,48.76B,12.24B,1.831B,472.00M,8.939B,2.711B,21.08B,168.58B,175.00M,80.00B,14.59B,147.49B,86.76B,112.64B,2.711B,12.24B,53.70B
AXP,2017-06,-2.428B,30.34B,3.426B,1.48,1.47,0,10.04B,2017-06,1.344B,66.51B,4.445B,0,51.94B,12.11B,1.957B,613.00M,8.831B,2.749B,21.18B,167.00B,177.00M,82.32B,15.53B,145.82B,84.62B,112.54B,2.749B,12.11B,51.76B
AXP,2017-03,-2.47B,29.29B,3.60B,1.36,1.35,0,9.838B,2017-03,1.251B,63.96B,4.433B,0,51.65B,11.70B,1.839B,588.00M,8.392B,2.549B,20.94B,161.38B,179.00M,79.44B,15.30B,140.45B,81.89B,108.46B,2.549B,11.70B,49.97B
AXP,2016-12,-2.784B,28.20B,5.581B,0.88,0.88,0,9.578B,2016-12,792.00M,65.46B,4.433B,0,46.99B,12.57B,1.107B,315.00M,11.08B,5.011B,20.50B,158.89B,181.00M,79.64B,18.15B,138.39B,79.74B,106.31B,5.011B,11.19B,50.07B
AXP,2016-09,-2.618B,26.28B,2.861B,1.21,1.2,0,9.296B,2016-09,1.142B,60.66B,4.301B,0,44.89B,11.37B,1.735B,593.00M,7.496B,2.193B,21.02B,153.38B,184.00M,74.22B,14.23B,132.36B,78.55B,101.19B,2.193B,11.37B,47.33B
AXP,2016-06,-2.621B,33.64B,2.343B,2.11,2.1,0,9.065B,2016-06,2.015B,59.93B,4.21B,0,50.65B,11.73B,3.016B,1.001B,9.045B,2.239B,20.71B,159.64B,185.00M,81.88B,14.07B,138.93B,77.73B,108.08B,2.239B,11.73B,47.50B
AXP,2016-03,-2.502B,25.01B,2.596B,1.45,1.45,3.545B,11.11B,2016-03,1.426B,69.27B,4.137B,1.343B,47.31B,12.03B,2.184B,758.00M,7.933B,2.065B,20.73B,158.82B,191.00M,71.88B,14.62B,138.09B,86.89B,106.42B,2.065B,12.03B,46.66B
AXP,2015-12,-2.534B,22.72B,4.812B,0.89,0.89,3.878B,10.91B,2015-12,899.00M,73.79B,4.108B,1.308B,48.06B,14.06B,1.454B,555.00M,8.145B,2.101B,20.67B,161.18B,194.00M,70.59B,18.87B,140.51B,87.89B,109.74B,2.101B,11.82B,46.70B
AXP,2015-09,-2.374B,19.94B,3.16B,1.24,1.24,4.015B,10.76B,2015-09,1.266B,68.78B,4.032B,1.314B,48.65B,11.34B,1.938B,672.00M,7.924B,2.059B,21.34B,154.22B,197.00M,66.34B,14.50B,132.88B,87.12B,101.00B,1.995B,11.34B,46.41B
AXP,2015-06,-2.154B,21.07B,4.486B,1.43,1.42,0,10.58B,2015-06,1.473B,68.84B,4.016B,0,52.74B,11.06B,2.23B,757.00M,8.042B,2.011B,21.88B,157.15B,201.00M,68.34B,15.54B,135.27B,87.24B,103.13B,1.928B,11.06B,47.26B
AXP,2015-03,-2.151B,23.57B,2.361B,1.49,1.48,0,10.31B,2015-03,1.525B,66.66B,3.94B,0,54.71B,10.64B,2.316B,791.00M,7.689B,1.914B,21.83B,154.68B,204.00M,69.20B,13.00B,132.85B,85.43B,103.00B,1.814B,10.64B,45.63B
AXP,2014-12,-1.919B,22.29B,3.48B,1.4,1.39,0,10.21B,2014-12,1.447B,70.10B,3.938B,0,57.96B,13.37B,2.225B,778.00M,8.878B,2.494B,20.67B,159.10B,205.00M,71.62B,16.85B,138.43B,84.98B,109.36B,2.407B,11.30B,47.00B
AXP,2014-09,-1.542B,21.26B,3.382B,1.41,1.4,0,10.25B,2014-09,1.477B,65.77B,3.921B,0,55.71B,11.51B,2.246B,769.00M,8.098B,2.073B,20.22B,153.86B,207.00M,68.58B,14.89B,133.65B,85.28B,101.95B,1.977B,11.51B,47.32B
AXP,2014-06,-1.371B,18.43B,3.436B,1.44,1.43,0,10.03B,2014-06,1.529B,65.87B,3.87B,0,54.84B,11.64B,2.312B,783.00M,8.439B,2.617B,20.21B,152.38B,210.00M,67.08B,15.08B,132.17B,85.31B,100.69B,2.515B,11.64B,48.65B
AXP,2014-03,-1.394B,20.74B,2.821B,1.34,1.33,0,9.983B,2014-03,1.432B,63.48B,3.893B,0,54.10B,11.84B,2.208B,776.00M,7.951B,2.127B,19.98B,151.50B,212.00M,68.11B,14.66B,131.52B,83.38B,100.61B,2.043B,11.84B,47.37B
AXP,2013-12,-1.426B,19.49B,5.021B,1.22,1.21,0,9.853B,2013-12,1.308B,66.58B,3.875B,0,55.33B,12.82B,1.98B,672.00M,7.676B,-3.125B,19.50B,153.38B,213.00M,69.00B,17.85B,133.88B,81.45B,104.87B,-3.174B,10.62B,47.18B
AXP,2013-09,-1.339B,22.29B,3.247B,1.26,1.25,4.174B,9.614B,2013-09,1.366B,62.22B,3.746B,1.286B,52.53B,11.36B,2.004B,638.00M,8.301B,4.187B,19.22B,150.10B,215.00M,68.78B,14.61B,130.89B,81.32B,99.10B,4.114B,11.36B,46.50B
AXP,2013-06,-1.308B,23.13B,2.961B,1.28,1.27,4.321B,9.427B,2013-06,1.405B,62.26B,3.716B,1.063B,52.68B,14.31B,1.995B,590.00M,8.245B,4.123B,19.03B,151.93B,217.00M,70.04B,17.27B,132.90B,81.89B,97.32B,4.048B,14.31B,46.92B
AXP,2013-03,-980.00M,27.96B,3.359B,1.15,1.15,0,9.362B,2013-03,1.28B,61.46B,3.713B,0,56.37B,14.23B,1.909B,629.00M,7.881B,3.945B,19.29B,156.86B,220.00M,74.07B,17.59B,137.56B,82.79B,101.90B,3.945B,14.23B,46.10B
AXP,2012-12,-927.00M,22.25B,3.314B,0.57,0.56,0,9.064B,2012-12,637.00M,64.31B,3.635B,0,58.97B,12.08B,929.00M,292.00M,8.141B,4.686B,18.89B,153.14B,221.00M,70.72B,15.40B,134.25B,79.40B,106.89B,4.686B,10.01B,45.91B
AXP,2012-09,-835.00M,25.14B,4.027B,1.1,1.09,0,8.86B,2012-09,1.25B,60.79B,3.553B,0,56.27B,13.09B,1.87B,620.00M,7.862B,3.977B,19.48B,152.87B,224.00M,70.32B,17.12B,133.40B,82.55B,93.47B,3.977B,13.09B,45.18B
AXP,2012-06,-951.00M,22.07B,3.553B,1.16,1.15,0,8.547B,2012-06,1.339B,59.91B,3.442B,0,55.95B,11.77B,1.879B,540.00M,7.965B,3.951B,19.27B,148.13B,228.00M,65.99B,15.32B,128.86B,82.14B,91.91B,3.951B,11.77B,43.92B
AXP,2012-03,-777.00M,27.08B,8.486B,1.07,1.07,0,8.407B,2012-03,1.256B,58.88B,3.451B,0,56.84B,11.38B,1.773B,517.00M,7.587B,3.927B,19.91B,151.78B,233.00M,70.99B,19.86B,131.88B,80.79B,95.06B,3.927B,11.38B,43.91B
AXP,2011-12,-876.00M,24.89B,4.337B,1.02,1.01,0,8.114B,2011-12,1.192B,61.17B,3.367B,0,59.57B,12.32B,1.748B,556.00M,7.742B,3.925B,18.79B,153.34B,232.00M,72.30B,16.66B,134.54B,77.58B,105.85B,3.925B,10.46B,44.11B
AXP,2011-09,-803.00M,24.55B,8.704B,1.04,1.03,0,7.934B,2011-09,1.235B,56.43B,3.187B,0,61.77B,10.58B,1.711B,476.00M,7.571B,4.109B,18.10B,148.69B,233.00M,67.44B,19.29B,130.59B,81.26B,94.91B,2.607B,10.58B,42.89B
AXP,2011-06,-751.00M,22.61B,8.935B,1.11,1.1,0,7.742B,2011-06,1.331B,56.57B,3.062B,0,61.40B,10.93B,1.765B,470.00M,7.618B,4.176B,18.20B,147.80B,238.00M,66.00B,19.87B,129.59B,81.80B,93.69B,3.601B,10.93B,43.38B
