Ticker,Date,Accrued Comprehensive Inc,Cash and Short Term Investments,Cost of Goods Sold,Current Debt & Capital Lease Obligation,Current Deferred Liabilities,EPS Basic,EPS Diluted,Goodwill and Intangibles,Gross PP&E,Gross Profit,Income (Quarterly),Inventories,Net Income,Net Non-Operating Interest Income Expense,Net Operating Interest Income,Net PP&E,Non-Current Deferred Liabilities,Non-Current Portion of LTD and Capital Lease Obligation,Operating Income,Payables and Accrued Expenses,Pre-Tax Income,Provision for Income Taxes,Revenue,SG&A Expense,Shareholders Equity,Total Assets,Total Capital Stock,Total Current Assets,Total Current Liabilities,Total Liabilities,Total Long Term Assets,Total Long Term Liabilities,Total Operating Expenses,Total Payables,Total Receivables
AZO,2021-02,-300.84M,1.026B,1.351B,502.52M,0,15.27,14.93,302.64M,11.07B,1.559B,2021-02,4.737B,345.95M,-46.01M,-46.01M,7.289B,358.16M,7.833B,481.77M,6.302B,435.76M,89.81M,2.911B,1.078B,-1.524B,14.16B,0.228M,6.327B,6.804B,15.68B,7.833B,8.879B,1.078B,5.435B,352.52M
AZO,2020-11,-306.91M,1.664B,1.479B,246.33M,0,19.05,18.61,302.64M,10.89B,1.676B,2020-11,4.628B,442.43M,-46.18M,-46.18M,7.193B,370.08M,8.039B,615.22M,6.210B,569.05M,126.61M,3.154B,1.060B,-1.027B,14.57B,0.238M,6.837B,6.457B,15.60B,7.732B,9.139B,1.060B,5.439B,350.92M
AZO,2020-08,-354.25M,1.751B,2.133B,291.34M,0,31.67,30.93,304.09M,10.72B,2.413B,2020-08,4.473B,740.46M,-65.64M,-65.64M,7.091B,354.19M,8.015B,1.018B,5.671B,952.41M,211.95M,4.546B,1.395B,-877.98M,14.42B,0.237M,6.812B,6.283B,15.30B,7.612B,9.019B,1.395B,5.353B,364.77M
AZO,2020-05,-344.52M,509.12M,1.289B,236.76M,0,14.66,14.39,305.37M,10.51B,1.491B,2020-05,4.441B,342.90M,-47.45M,-47.45M,6.998B,325.92M,7.900B,491.67M,5.532B,444.22M,101.33M,2.779B,998.98M,-1.633B,12.90B,0.237M,5.398B,5.769B,14.53B,7.504B,8.766B,998.98M,4.844B,266.92M
AZO,2020-02,-228.34M,152.97M,1.148B,234.51M,0,12.7,12.39,306.34M,10.53B,1.366B,2020-02,4.606B,299.28M,-44.34M,-44.34M,7.056B,325.26M,7.946B,407.94M,5.545B,363.60M,64.32M,2.514B,958.12M,-1.711B,12.86B,0.237M,5.301B,5.780B,14.57B,7.563B,8.795B,958.12M,4.913B,340.28M
AZO,2019-11,-250.08M,158.09M,1.292B,232.55M,0,14.67,14.3,307.30M,10.43B,1.501B,2019-11,4.463B,350.34M,-43.74M,-43.74M,7.036B,315.60M,7.794B,500.02M,5.636B,456.28M,105.94M,2.793B,1.001B,-1.776B,12.70B,0.254M,5.157B,5.868B,14.48B,7.543B,8.608B,1.001B,5.017B,333.25M
AZO,2019-08,-269.32M,176.30M,1.858B,56.25M,0,21.47,20.95,308.26M,7.713B,2.130B,2019-08,4.319B,565.23M,-61.20M,-61.20M,4.399B,311.98M,5.206B,780.78M,5.286B,719.58M,154.35M,3.988B,1.350B,-1.714B,9.896B,0.254M,5.029B,5.512B,11.61B,4.867B,6.098B,1.350B,5.013B,309.00M
AZO,2019-05,-236.61M,174.06M,1.291B,0,0,16.35,15.99,309.55M,7.557B,1.492B,2019-05,4.326B,405.95M,-43.24M,-43.24M,4.325B,301.08M,5.152B,547.52M,5.317B,504.28M,98.34M,2.783B,944.50M,-1.590B,9.774B,0.254M,4.971B,5.317B,11.36B,4.802B,6.046B,944.50M,4.721B,281.61M
AZO,2019-02,-235.84M,195.66M,1.125B,0,0,11.71,11.49,310.51M,7.437B,1.325B,2019-02,4.305B,294.64M,-41.36M,-41.36M,4.270B,290.63M,5.111B,400.02M,5.334B,358.66M,64.02M,2.451B,925.09M,-1.594B,9.745B,0.253M,4.997B,5.334B,11.34B,4.748B,6.005B,925.09M,4.721B,298.32M
AZO,2018-11,-276.07M,252.09M,1.224B,0,0,13.71,13.47,311.47M,7.324B,1.417B,2018-11,4.090B,351.41M,-39.01M,-39.01M,4.229B,288.44M,5.156B,487.82M,5.168B,448.81M,97.41M,2.642B,929.66M,-1.659B,9.524B,0.277M,4.814B,5.168B,11.18B,4.709B,6.014B,929.66M,4.531B,275.19M
AZO,2018-08,-235.80M,217.82M,1.651B,52.29M,0,15.27,15.02,312.43M,7.292B,1.908B,2018-08,3.944B,400.28M,-54.34M,-54.34M,4.218B,285.20M,5.006B,591.24M,4.781B,536.90M,136.62M,3.559B,1.317B,-1.520B,9.347B,0.275M,4.636B,5.029B,10.87B,4.711B,5.839B,1.317B,4.528B,258.14M
AZO,2018-05,-295.14M,218.39M,1.237B,48.13M,0,13.62,13.42,313.72M,7.125B,1.423B,2018-05,4.006B,366.72M,-41.96M,-41.96M,4.123B,238.02M,4.955B,545.76M,4.918B,503.81M,137.09M,2.660B,877.21M,-1.362B,9.302B,0.275M,4.671B,4.918B,10.66B,4.630B,5.745B,877.21M,4.351B,261.30M
AZO,2018-02,-286.38M,288.52M,1.136B,44.83M,0,10.58,10.38,314.68M,7.042B,1.277B,2018-02,4.086B,289.53M,-39.34M,-39.34M,4.081B,222.93M,5.044B,205.10M,4.947B,165.76M,-123.77M,2.413B,1.072B,-1.331B,9.404B,0.275M,4.826B,4.947B,10.73B,4.577B,5.787B,1.072B,4.371B,282.53M
AZO,2017-11,-296.45M,257.68M,1.223B,0,0,10.17,10,442.96M,6.953B,1.366B,2017-11,4.012B,281.00M,-38.89M,-38.89M,4.061B,382.24M,4.983B,468.75M,5.068B,429.86M,148.86M,2.589B,897.09M,-1.525B,9.397B,0.288M,4.717B,5.068B,10.92B,4.680B,5.855B,897.09M,4.484B,272.45M
AZO,2017-08,-254.56M,293.27M,1.658B,0,0,15.52,15.27,444.39M,6.873B,1.854B,2017-08,3.882B,433.90M,-51.40M,-51.40M,4.031B,371.11M,5.081B,707.63M,4.537B,656.23M,222.33M,3.513B,1.146B,-1.428B,9.260B,0.287M,4.611B,4.766B,10.69B,4.649B,5.922B,1.146B,4.302B,280.73M
AZO,2017-05,-310.48M,227.14M,1.241B,0,0,11.7,11.44,446.97M,6.660B,1.378B,2017-05,3.861B,331.70M,-35.68M,-35.68M,3.904B,298.54M,5.153B,529.57M,4.794B,493.90M,162.20M,2.619B,848.85M,-1.714B,9.028B,0.287M,4.507B,4.794B,10.74B,4.521B,5.949B,848.85M,4.277B,276.11M
AZO,2017-02,-346.32M,210.65M,1.084B,0,0,8.29,8.08,450.85M,6.501B,1.206B,2017-02,3.902B,237.14M,-34.20M,-34.20M,3.804B,290.97M,5.152B,383.97M,4.784B,349.77M,112.63M,2.289B,821.57M,-1.827B,8.903B,0.286M,4.493B,4.784B,10.73B,4.410B,5.946B,821.57M,4.239B,246.88M
AZO,2016-11,-346.20M,195.54M,1.166B,0,0,9.61,9.36,450.85M,6.398B,1.302B,2016-11,3.773B,278.12M,-33.31M,-33.31M,3.751B,293.24M,4.997B,458.90M,4.850B,425.60M,147.47M,2.468B,842.64M,-1.895B,8.743B,0.304M,4.369B,4.850B,10.64B,4.374B,5.788B,842.64M,4.299B,270.77M
AZO,2016-08,-307.53M,189.73M,1.604B,0,0,14.58,14.3,452.87M,6.330B,1.795B,2016-08,3.632B,426.77M,-45.79M,-45.79M,3.733B,284.50M,4.924B,703.37M,4.465B,657.58M,230.81M,3.399B,1.091B,-1.788B,8.600B,0.303M,4.240B,4.690B,10.39B,4.360B,5.697B,1.091B,4.234B,287.68M
AZO,2016-05,-269.98M,213.38M,1.223B,0,0,10.99,10.77,455.56M,6.157B,1.370B,2016-05,3.597B,327.52M,-34.05M,-34.05M,3.619B,245.30M,4.954B,536.37M,4.648B,502.32M,174.81M,2.594B,834.08M,-1.863B,8.464B,0.302M,4.225B,4.648B,10.33B,4.239B,5.680B,834.08M,4.120B,294.53M
AZO,2016-02,-307.85M,207.96M,1.067B,457.40M,0,7.58,7.43,457.58M,6.022B,1.191B,2016-02,3.591B,228.61M,-32.83M,-32.83M,3.545B,248.65M,4.388B,382.66M,4.537B,349.83M,121.22M,2.257B,807.94M,-1.741B,8.366B,0.301M,4.210B,4.995B,10.11B,4.157B,5.113B,807.94M,4.002B,295.79M
AZO,2015-11,-240.40M,165.49M,1.133B,40.53M,260.82M,8.46,8.29,459.60M,5.979B,1.253B,2015-11,3.516B,258.11M,-35.01M,-35.01M,3.537B,0,4.754B,438.00M,4.514B,402.98M,144.87M,2.386B,814.94M,-1.778B,8.218B,0.322M,4.054B,4.775B,9.996B,4.164B,5.220B,814.94M,3.998B,248.12M
AZO,2015-08,-249.52M,175.31M,1.563B,87.16M,259.06M,13.02,12.75,391.89M,5.892B,1.728B,2015-08,3.422B,401.14M,-47.06M,-47.06M,3.506B,0,4.625B,669.27M,4.236B,622.21M,221.07M,3.290B,1.058B,-1.701B,8.102B,0.321M,3.970B,4.713B,9.804B,4.132B,5.091B,1.058B,4.009B,247.87M
AZO,2015-05,-197.18M,153.29M,1.190B,559.24M,229.89M,9.77,9.57,460.99M,5.748B,1.303B,2015-05,3.468B,309.07M,-31.78M,-31.78M,3.426B,0,4.533B,513.95M,4.463B,482.17M,173.10M,2.493B,788.84M,-1.643B,8.032B,0.321M,3.950B,4.693B,9.676B,4.082B,4.983B,788.84M,3.963B,212.07M
AZO,2015-02,-185.59M,151.54M,1.024B,217.42M,226.41M,6.64,6.51,463.04M,5.649B,1.120B,2015-02,3.457B,211.72M,-34.54M,-34.54M,3.376B,0,4.361B,361.27M,4.310B,326.73M,115.01M,2.144B,758.76M,-1.469B,7.950B,0.319M,3.914B,4.623B,9.419B,4.036B,4.795B,758.76M,3.809B,196.65M
AZO,2014-11,-146.15M,117.19M,1.084B,215.16M,229.63M,7.42,7.27,465.03M,5.598B,1.177B,2014-11,3.280B,238.31M,-37.06M,-37.06M,3.358B,0,3.863B,408.56M,4.302B,371.50M,133.19M,2.260B,768.10M,-1.663B,7.717B,0.34M,3.708B,5.091B,9.380B,4.010B,4.289B,768.10M,3.805B,195.52M
AZO,2014-08,-128.90M,124.48M,1.454B,158.44M,227.89M,11.5,11.28,367.83M,5.501B,1.595B,2014-08,3.140B,373.67M,-49.43M,-49.43M,3.310B,0,4.142B,630.20M,3.936B,580.78M,207.10M,3.050B,965.02M,-1.622B,7.497B,0.339M,3.581B,4.541B,9.119B,3.917B,4.578B,965.02M,3.728B,200.90M
AZO,2014-05,-105.68M,145.35M,1.125B,160.26M,201.36M,8.62,8.46,445.35M,5.322B,1.217B,2014-05,3.133B,285.16M,-36.16M,-36.16M,3.193B,0,4.163B,478.95M,4.187B,442.79M,157.63M,2.342B,738.01M,-1.808B,7.372B,0.338M,3.588B,4.604B,9.180B,3.784B,4.576B,738.01M,3.717B,190.85M
AZO,2014-02,-120.35M,139.76M,953.46M,0,199.32M,5.73,5.63,447.34M,5.225B,1.037B,2014-02,3.089B,192.83M,-39.49M,-39.49M,3.135B,0,4.163B,337.34M,4.042B,297.85M,105.02M,1.990B,699.69M,-1.710B,7.263B,0.338M,3.538B,4.399B,8.973B,3.724B,4.574B,699.69M,3.582B,191.12M
AZO,2013-11,-112.09M,125.85M,1.008B,0,207.55M,6.39,6.29,419.60M,5.148B,1.086B,2013-11,2.948B,218.09M,-42.43M,-42.43M,3.109B,0,4.013B,383.73M,3.965B,341.30M,123.21M,2.094B,701.97M,-1.721B,7.023B,0.369M,3.370B,4.333B,8.745B,3.653B,4.412B,701.97M,3.503B,173.11M
AZO,2013-08,-120.79M,142.19M,1.491B,205.98M,202.92M,10.59,10.42,367.83M,5.059B,1.604B,2013-08,2.861B,371.20M,-60.90M,-60.90M,3.071B,0,4.013B,636.22M,3.623B,575.32M,204.12M,3.095B,968.16M,-1.687B,6.892B,0.368M,3.278B,4.169B,8.579B,3.614B,4.410B,968.16M,3.416B,171.64M
AZO,2013-05,-115.48M,133.68M,1.063B,484.53M,186.39M,7.39,7.27,443.24M,4.935B,1.143B,2013-05,2.797B,265.58M,-42.09M,-42.09M,3.003B,0,4.001B,456.03M,3.650B,413.94M,148.36M,2.206B,686.68M,-1.532B,6.783B,0.366M,3.178B,3.836B,8.315B,3.605B,4.479B,686.68M,3.180B,155.55M
AZO,2013-02,-134.91M,115.55M,893.22M,79.72M,181.34M,4.86,4.78,385.98M,4.840B,961.98M,2013-02,2.759B,176.25M,-41.32M,-41.32M,2.945B,0,3.513B,317.57M,3.566B,276.25M,100.00M,1.855B,644.41M,-1.550B,6.662B,0.364M,3.123B,4.232B,8.212B,3.539B,3.980B,644.41M,3.103B,160.42M
AZO,2012-11,-152.46M,99.86M,959.17M,7.309M,186.28M,5.52,5.41,302.64M,4.736B,1.032B,2012-11,2.702B,203.45M,-41.10M,-41.10M,2.890B,0,3.803B,363.28M,3.558B,322.17M,118.72M,1.991B,668.59M,-1.591B,6.398B,0.402M,3.062B,3.744B,7.989B,3.336B,4.245B,668.59M,3.102B,173.34M
AZO,2012-08,-152.01M,103.09M,1.331B,29.56M,183.83M,8.65,8.46,302.64M,4.660B,1.432B,2012-08,2.628B,323.73M,-58.14M,-58.14M,2.856B,0,3.718B,560.06M,3.240B,501.91M,178.18M,2.764B,872.34M,-1.548B,6.266B,0.399M,2.979B,3.656B,7.814B,3.287B,4.158B,872.34M,3.041B,161.38M
AZO,2012-05,-116.66M,103.10M,1.022B,35.42M,169.62M,6.43,6.28,302.64M,4.566B,1.090B,2012-05,2.630B,248.59M,-39.74M,-39.74M,2.767B,0,3.599B,427.25M,3.390B,387.51M,138.92M,2.112B,662.55M,-1.417B,6.149B,0.396M,2.944B,3.567B,7.566B,3.205B,3.998B,662.55M,2.947B,133.94M
AZO,2012-02,-106.13M,103.21M,877.85M,59.38M,169.62M,4.25,4.15,302.64M,4.488B,926.22M,2012-02,2.578B,166.93M,-38.92M,-38.92M,2.724B,0,3.435B,300.65M,3.318B,261.73M,94.80M,1.804B,625.56M,-1.296B,6.056B,0.395M,2.909B,3.517B,7.352B,3.148B,3.835B,625.56M,2.887B,144.79M
AZO,2011-11,-130.64M,96.68M,940.71M,49.69M,170.05M,4.79,4.68,302.64M,4.408B,983.63M,2011-11,2.531B,191.12M,-39.09M,-39.09M,2.667B,0,3.319B,340.93M,3.374B,301.84M,110.72M,1.924B,642.69M,-1.347B,5.933B,0.442M,2.843B,3.579B,7.280B,3.090B,3.701B,642.69M,2.929B,135.70M
AZO,2011-08,-119.69M,97.61M,1.289B,0,166.45M,7.35,7.18,302.64M,4.372B,1.353B,2011-08,2.466B,301.47M,-53.81M,-53.81M,2.669B,0,3.318B,524.01M,3.054B,470.20M,168.73M,2.642B,828.56M,-1.254B,5.870B,0.441M,2.792B,3.431B,7.124B,3.077B,3.693B,828.56M,2.871B,140.69M
AZO,2011-05,-82.47M,100.37M,964.84M,0,155.94M,5.42,5.29,302.64M,4.271B,1.014B,2011-05,2.492B,227.37M,-39.92M,-39.92M,2.615B,0,3.171B,392.92M,3.256B,353.01M,125.64M,1.978B,620.60M,-1.120B,5.885B,0.439M,2.807B,3.462B,7.004B,3.078B,3.543B,620.60M,2.826B,136.37M
