Ticker,Date,Accrued Comprehensive Inc,Cash and Short Term Investments,Cost of Goods Sold,Current Debt & Capital Lease Obligation,Current Deferred Liabilities,EPS Basic,EPS Diluted,Goodwill and Intangibles,Gross PP&E,Gross Profit,Income (Quarterly),Inventories,Net Income,Net Non-Operating Interest Income Expense,Net Operating Interest Income,Net PP&E,Non-Current Deferred Liabilities,Non-Current Portion of LTD and Capital Lease Obligation,Operating Income,Payables and Accrued Expenses,Pre-Tax Income,Provision for Income Taxes,Research and Development Expense,Revenue,SG&A Expense,Shareholders Equity,Total Assets,Total Capital Stock,Total Current Assets,Total Current Liabilities,Total Liabilities,Total Long Term Assets,Total Long Term Liabilities,Total Operating Expenses,Total Payables,Total Receivables
BA,2020-12,-17.13B,25.59B,20.99B,1.961B,50.49B,-14.65,-14.65,10.92B,32.33B,-5.688B,2020-12,81.72B,-8.42B,-698.00M,-698.00M,11.82B,1.01B,61.89B,-8.121B,24.27B,-8.625B,-186.00M,605.00M,15.30B,1.828B,-18.32B,152.14B,5.061B,121.64B,87.28B,170.21B,30.49B,82.93B,2.433B,12.97B,10.05B
BA,2020-09,-15.78B,27.12B,13.10B,3.634B,51.97B,-0.79,-0.79,11.01B,32.21B,1.034B,2020-09,86.96B,-449.00M,-643.00M,-643.00M,11.97B,503.00M,57.32B,-495.00M,36.70B,-925.00M,-459.00M,574.00M,14.14B,955.00M,-11.82B,161.26B,5.061B,131.01B,92.31B,172.81B,30.25B,80.51B,1.529B,14.48B,11.72B
BA,2020-06,-16.02B,32.43B,12.98B,2.922B,53.37B,-4.2,-4.2,11.08B,32.04B,-1.171B,2020-06,83.74B,-2.376B,-553.00M,-553.00M,12.18B,404.00M,58.46B,-2.957B,36.19B,-3.423B,-1.028B,625.00M,11.81B,1.161B,-11.67B,162.87B,5.061B,130.28B,92.48B,174.25B,32.60B,81.77B,1.786B,13.70B,11.48B
BA,2020-03,-16.33B,15.53B,16.77B,5.173B,52.88B,-1.11,-1.11,11.31B,32.00B,140.00M,2020-03,80.02B,-628.00M,-262.00M,-262.00M,12.40B,336.00M,33.75B,-1.405B,36.45B,-1.503B,-862.00M,672.00M,16.91B,873.00M,-9.665B,143.08B,5.061B,111.01B,94.50B,152.44B,32.06B,57.93B,1.545B,14.96B,12.72B
BA,2019-12,-16.15B,10.03B,18.71B,7.592B,51.55B,-1.79,-1.79,11.40B,31.84B,-797.00M,2019-12,76.62B,-1.01B,-242.00M,-242.00M,12.50B,413.00M,19.96B,-2.598B,29.64B,-2.342B,-1.332B,749.00M,17.91B,1.052B,-8.617B,133.62B,5.061B,102.23B,97.31B,141.92B,31.40B,44.61B,1.801B,17.38B,12.47B
BA,2019-09,-14.93B,10.91B,16.93B,4.354B,53.17B,2.07,2.05,11.65B,31.65B,3.05B,2019-09,73.28B,1.167B,-203.00M,-203.00M,12.53B,1.615B,20.30B,1.271B,34.32B,1.177B,10.00M,778.00M,19.98B,1.001B,-4.116B,132.60B,5.061B,101.66B,91.85B,136.41B,30.94B,44.56B,1.779B,15.10B,14.81B
BA,2019-06,-14.91B,9.606B,17.81B,4.357B,52.52B,-5.21,-5.21,11.81B,31.46B,-2.059B,2019-06,68.49B,-2.942B,-154.00M,-154.00M,12.60B,1.656B,14.86B,-3.557B,35.31B,-3.427B,-485.00M,826.00M,15.75B,672.00M,-5.322B,126.26B,5.061B,95.11B,92.19B,131.20B,31.15B,39.02B,1.498B,15.27B,13.71B
BA,2019-03,-14.97B,7.729B,18.64B,3.381B,52.53B,3.79,3.75,11.46B,31.42B,4.272B,2019-03,65.37B,2.149B,-123.00M,-123.00M,12.59B,1.736B,11.36B,2.222B,27.70B,2.333B,184.00M,866.00M,22.92B,1.184B,125.00M,120.21B,5.061B,89.51B,83.62B,119.98B,30.70B,36.36B,2.05B,14.69B,14.22B
BA,2018-12,-15.08B,8.564B,22.09B,3.19B,50.68B,6,5.93,11.27B,31.21B,6.251B,2018-12,62.57B,3.424B,-158.00M,-158.00M,12.64B,1.738B,10.66B,4.177B,18.27B,4.046B,622.00M,852.00M,28.34B,1.222B,339.00M,117.36B,5.061B,87.83B,81.59B,116.95B,29.53B,35.36B,2.074B,14.56B,14.36B
BA,2018-09,-15.95B,9.99B,21.04B,1.389B,51.50B,4.11,4.07,8.252B,30.90B,4.106B,2018-09,62.04B,2.363B,-106.00M,-106.00M,12.57B,0,10.49B,2.126B,26.53B,2.133B,-230.00M,826.00M,25.15B,1.154B,-1.289B,114.66B,5.061B,87.69B,79.42B,115.87B,26.97B,36.45B,1.98B,13.66B,13.26B
BA,2018-06,-16.14B,9.77B,19.54B,1.611B,50.97B,3.77,3.73,8.044B,30.74B,4.722B,2018-06,61.25B,2.196B,-109.00M,-109.00M,12.60B,1.90B,10.51B,2.701B,25.14B,2.586B,390.00M,827.00M,24.26B,1.194B,-1.441B,113.20B,5.061B,86.40B,77.72B,114.57B,26.79B,36.84B,2.021B,12.90B,12.98B
BA,2018-03,-16.16B,9.891B,18.82B,1.981B,49.96B,4.19,4.15,8.083B,30.52B,4.558B,2018-03,61.30B,2.477B,-102.00M,-102.00M,12.63B,2.001B,10.47B,2.797B,23.60B,2.839B,362.00M,764.00M,23.38B,997.00M,1.222B,113.55B,5.061B,86.54B,75.53B,112.25B,27.01B,36.72B,1.761B,12.61B,12.87B
BA,2017-12,-16.37B,9.992B,19.88B,1.335B,48.04B,5.25,5.18,8.132B,30.31B,4.889B,2017-12,61.39B,3.32B,-93.00M,-93.00M,12.67B,2.188B,9.782B,2.922B,16.78B,2.917B,-403.00M,762.00M,24.77B,1.205B,1.656B,112.36B,5.061B,85.19B,74.65B,110.65B,27.17B,36.00B,1.967B,13.59B,11.40B
BA,2017-09,-13.04B,10.03B,19.96B,988.00M,26.70B,3.03,2.99,7.867B,30.11B,4.267B,2017-09,43.03B,1.81B,-87.00M,-87.00M,12.71B,2.884B,9.78B,2.581B,26.73B,2.583B,773.00M,768.00M,24.22B,918.00M,1.086B,91.01B,5.061B,64.14B,54.41B,89.86B,26.86B,35.45B,1.686B,12.72B,11.08B
BA,2017-06,-13.23B,10.33B,18.70B,720.00M,25.80B,2.91,2.87,7.914B,30.20B,4.349B,2017-06,42.45B,1.749B,-93.00M,-93.00M,12.82B,1.415B,10.06B,2.493B,26.39B,2.462B,713.00M,813.00M,23.05B,1.043B,-2.037B,90.04B,5.061B,62.83B,52.91B,92.01B,27.20B,39.10B,1.856B,12.09B,10.05B
BA,2017-03,-13.42B,9.205B,18.07B,367.00M,24.12B,2.57,2.54,7.838B,30.00B,3.888B,2017-03,43.25B,1.579B,-87.00M,-87.00M,12.84B,1.339B,10.43B,2.123B,25.30B,2.145B,566.00M,836.00M,21.96B,929.00M,95.00M,89.67B,5.061B,62.37B,49.78B,89.52B,27.31B,39.74B,1.765B,11.96B,9.915B
BA,2016-12,-13.62B,10.03B,17.70B,384.00M,23.87B,2.63,2.59,7.864B,29.69B,4.511B,2016-12,43.20B,1.77B,-79.00M,-79.00M,12.81B,1.338B,9.568B,2.79B,17.36B,2.318B,548.00M,725.00M,22.21B,996.00M,817.00M,90.00B,5.061B,62.49B,50.13B,89.12B,27.51B,38.99B,1.721B,12.14B,9.26B
BA,2016-09,-12.66B,9.668B,19.90B,632.00M,22.65B,3.64,3.6,7.616B,29.46B,3.994B,2016-09,42.68B,2.279B,-81.00M,-81.00M,12.71B,2.211B,9.824B,2.214B,25.21B,2.203B,-76.00M,857.00M,23.90B,923.00M,2.089B,88.95B,5.061B,62.24B,48.49B,86.80B,26.71B,38.31B,1.78B,11.97B,9.889B
BA,2016-06,-12.80B,9.265B,22.32B,1.168B,23.41B,-0.37,-0.37,7.672B,29.17B,2.43B,2016-06,44.18B,-234.00M,-73.00M,-73.00M,12.53B,2.422B,9.847B,-503.00M,25.28B,-479.00M,-245.00M,2.127B,24.76B,806.00M,585.00M,89.61B,5.061B,63.51B,49.86B,88.96B,26.10B,39.10B,2.933B,11.75B,10.06B
BA,2016-03,-12.84B,8.352B,19.10B,1.243B,23.93B,1.85,1.83,7.726B,28.74B,3.535B,2016-03,47.27B,1.219B,-73.00M,-73.00M,12.27B,2.297B,8.721B,1.73B,24.35B,1.741B,522.00M,917.00M,22.63B,888.00M,4.043B,91.55B,5.061B,65.59B,49.52B,87.44B,25.96B,37.92B,1.805B,11.56B,9.969B
BA,2015-12,-12.75B,12.05B,20.64B,1.234B,24.36B,1.52,1.51,7.783B,28.36B,2.931B,2015-12,47.26B,1.026B,-72.00M,-72.00M,12.08B,2.392B,8.73B,1.095B,16.95B,1.099B,73.00M,905.00M,23.57B,931.00M,6.335B,94.41B,5.061B,68.23B,50.41B,88.01B,26.17B,37.60B,1.836B,11.78B,8.925B
BA,2015-09,-13.26B,9.857B,21.60B,614.00M,32.65B,2.5,2.47,7.828B,27.80B,4.249B,2015-09,48.62B,1.704B,-67.00M,-67.00M,11.61B,2.207B,8.402B,2.503B,24.55B,2.487B,783.00M,857.00M,25.85B,889.00M,6.74B,99.00B,5.061B,67.58B,57.81B,92.21B,31.42B,34.40B,1.746B,11.78B,9.081B
BA,2015-06,-13.42B,9.625B,21.35B,112.00M,32.27B,1.61,1.59,7.889B,27.34B,3.193B,2015-06,49.03B,1.11B,-75.00M,-75.00M,11.34B,0,8.904B,1.633B,24.76B,1.623B,513.00M,800.00M,24.54B,760.00M,6.264B,98.10B,5.061B,66.81B,57.14B,91.80B,31.30B,34.66B,1.56B,11.53B,8.136B
BA,2015-03,-13.82B,9.631B,18.50B,133.00M,31.67B,1.89,1.87,7.914B,27.05B,3.653B,2015-03,48.50B,1.336B,-61.00M,-61.00M,11.17B,0,8.905B,1.939B,23.46B,1.946B,610.00M,769.00M,22.15B,945.00M,7.906B,97.78B,5.061B,66.42B,55.26B,89.74B,31.35B,34.49B,1.714B,11.50B,8.271B
BA,2014-12,-13.90B,13.09B,20.71B,929.00M,23.18B,2.05,2.02,7.988B,26.70B,3.757B,2014-12,46.76B,1.466B,-81.00M,-81.00M,11.01B,0,8.141B,1.962B,16.34B,1.93B,464.00M,755.00M,24.47B,1.04B,8.665B,92.92B,5.061B,67.77B,48.23B,84.13B,25.15B,35.90B,1.795B,11.42B,7.919B
BA,2014-09,-8.653B,10.08B,20.08B,1.579B,27.81B,1.88,1.86,8.085B,26.35B,3.709B,2014-09,47.06B,1.362B,-79.00M,-79.00M,10.71B,0,7.301B,2.027B,23.81B,2.031B,669.00M,750.00M,23.78B,932.00M,14.51B,92.65B,5.061B,65.22B,53.20B,78.02B,27.44B,24.81B,1.682B,11.14B,8.056B
BA,2014-06,-8.659B,11.33B,18.67B,1.591B,27.47B,2.26,2.24,8.143B,25.87B,3.375B,2014-06,46.25B,1.653B,-81.00M,-81.00M,10.45B,0,7.292B,1.724B,24.28B,1.717B,64.00M,733.00M,22.04B,918.00M,14.06B,92.74B,5.061B,65.53B,53.34B,78.55B,27.21B,25.21B,1.651B,11.06B,7.931B
BA,2014-03,-8.883B,12.22B,17.30B,1.66B,27.84B,1.3,1.28,8.042B,25.54B,3.169B,2014-03,44.94B,965.00M,-92.00M,-92.00M,10.26B,0,7.275B,1.483B,23.00B,1.459B,494.00M,809.00M,20.46B,877.00M,14.52B,91.58B,5.061B,64.78B,52.50B,76.94B,26.80B,24.44B,1.686B,10.78B,7.597B
BA,2013-12,-9.894B,15.26B,20.39B,1.563B,26.29B,1.63,1.61,8.095B,25.29B,3.397B,2013-12,42.91B,1.233B,-96.00M,-96.00M,10.22B,0,8.072B,1.449B,15.54B,1.434B,201.00M,848.00M,23.78B,1.10B,14.88B,92.66B,5.061B,65.07B,51.49B,77.67B,27.59B,26.18B,1.948B,10.04B,6.89B
BA,2013-09,-16.19B,15.91B,18.67B,919.00M,25.72B,1.53,1.51,8.009B,24.92B,3.456B,2013-09,41.24B,1.158B,-95.00M,-95.00M,9.987B,0,8.677B,1.745B,23.04B,1.727B,567.00M,755.00M,22.13B,956.00M,8.951B,94.63B,5.061B,64.16B,49.68B,85.57B,30.47B,35.89B,1.711B,10.66B,6.968B
BA,2013-06,-16.79B,14.32B,18.45B,883.00M,23.22B,1.43,1.41,8.054B,24.53B,3.365B,2013-06,40.23B,1.088B,-96.00M,-96.00M,9.814B,166.00M,8.695B,1.673B,22.85B,1.633B,546.00M,763.00M,21.82B,929.00M,7.526B,92.09B,5.061B,61.31B,46.95B,84.46B,30.78B,37.51B,1.692B,10.44B,6.726B
BA,2013-03,-17.04B,11.85B,15.76B,917.00M,23.34B,1.45,1.44,8.124B,24.45B,3.137B,2013-03,40.80B,1.106B,-99.00M,-99.00M,9.736B,226.00M,8.254B,1.461B,21.41B,1.438B,332.00M,705.00M,18.89B,971.00M,7.462B,90.45B,5.061B,59.49B,45.67B,82.89B,30.96B,37.22B,1.676B,9.876B,6.811B
BA,2012-12,-17.42B,13.56B,19.05B,1.436B,21.16B,1.29,1.28,8.146B,24.30B,3.256B,2012-12,37.75B,978.00M,-112.00M,-112.00M,9.66B,192.00M,8.973B,1.56B,14.66B,1.535B,557.00M,753.00M,22.30B,943.00M,5.867B,88.90B,5.061B,57.31B,44.98B,82.93B,31.59B,37.95B,1.696B,9.761B,5.972B
BA,2012-09,-15.26B,11.17B,16.80B,2.172B,18.28B,1.36,1.35,7.891B,24.05B,3.209B,2012-09,36.82B,1.032B,-110.00M,-110.00M,9.496B,390.00M,9.014B,1.44B,25.06B,1.466B,432.00M,853.00M,20.01B,916.00M,7.588B,83.65B,5.061B,53.78B,42.85B,75.97B,29.88B,33.12B,1.769B,13.29B,5.437B
BA,2012-06,-15.82B,10.31B,16.75B,2.466B,0,1.28,1.27,7.935B,23.84B,3.259B,2012-06,35.03B,967.00M,-106.00M,-106.00M,9.453B,383.00M,8.735B,1.499B,24.64B,1.446B,479.00M,857.00M,20.00B,903.00M,5.804B,81.60B,5.061B,51.61B,42.45B,75.70B,29.99B,33.25B,1.76B,12.94B,5.894B
BA,2012-03,-16.09B,10.52B,16.07B,2.807B,0,1.23,1.22,7.943B,23.60B,3.309B,2012-03,32.74B,923.00M,-114.00M,-114.00M,9.399B,427.00M,8.817B,1.519B,23.16B,1.463B,539.00M,835.00M,19.38B,955.00M,5.027B,80.20B,5.061B,50.13B,41.30B,75.08B,30.07B,33.78B,1.79B,12.22B,6.475B
BA,2011-12,-16.50B,11.27B,16.28B,2.353B,0,1.87,1.85,7.989B,23.31B,3.273B,2011-12,32.24B,1.393B,-103.00M,-103.00M,9.313B,0,10.02B,1.294B,13.55B,1.444B,57.00M,913.00M,19.56B,864.00M,3.515B,79.99B,5.061B,49.81B,41.27B,76.38B,30.18B,35.10B,1.979B,8.406B,6.269B
BA,2011-09,-13.15B,9.233B,14.36B,1.603B,0,1.47,1.46,8.034B,22.97B,3.37B,2011-09,30.49B,1.098B,-121.00M,-121.00M,9.19B,0,10.78B,1.714B,21.67B,1.642B,548.00M,901.00M,17.73B,807.00M,5.967B,74.16B,5.061B,46.35B,37.59B,68.10B,27.82B,30.51B,1.656B,10.46B,6.296B
BA,2011-06,-13.10B,8.802B,13.20B,1.304B,0,1.27,1.25,8.09B,22.61B,3.343B,2011-06,29.09B,941.00M,-123.00M,-123.00M,9.044B,0,10.32B,1.514B,23.12B,1.425B,483.00M,1.047B,16.54B,870.00M,4.733B,72.12B,5.061B,44.35B,37.37B,67.30B,27.77B,29.92B,1.829B,9.548B,6.162B
BA,2011-03,-13.40B,7.772B,12.05B,966.00M,0,0.79,0.78,7.877B,22.49B,2.861B,2011-03,26.91B,586.00M,-130.00M,-130.00M,8.973B,0,10.72B,1.00B,21.93B,883.00M,295.00M,1.057B,14.91B,866.00M,3.912B,68.76B,5.061B,41.01B,35.26B,64.75B,27.75B,29.50B,1.861B,9.093B,6.036B
