Ticker,Date,Accrued Comprehensive Inc,Cash and Short Term Investments,Current Debt & Capital Lease Obligation,EPS Basic,EPS Diluted,Goodwill and Intangibles,Income (Quarterly),Net Income,Net Loan Assets,Net PP&E,Non-Current Portion of LTD and Capital Lease Obligation,Payables and Accrued Expenses,Pre-Tax Income,Provision for Income Taxes,Revenue,SG&A Expense,Shareholders Equity,Total Assets,Total Capital Stock,Total Current Assets,Total Current Liabilities,Total Liabilities,Total Long Term Assets,Total Long Term Liabilities,Total Operating Expenses,Total Receivables
BAC,2021-03,-3.472B,333.96B,21.72B,0.87,0.86,68.95B,2021-03,8.05B,878.46B,10.80B,251.21B,194.44B,9.166B,1.116B,23.26B,11.86B,274.00B,2.970T,107.39B,721.77B,415.61B,2.696T,2.248T,2.280T,11.86B,82.76B
BAC,2020-12,-1.656B,621.50B,19.32B,0.6,0.59,68.95B,2020-12,5.47B,901.37B,11.00B,262.93B,181.80B,6.119B,649.00M,20.69B,10.18B,272.92B,2.820T,110.49B,1.054T,371.44B,2.547T,2.000T,2.175T,10.18B,81.16B
BAC,2020-09,-978.00M,318.40B,17.86B,0.51,0.51,68.95B,2020-09,4.881B,922.70B,10.90B,255.72B,175.96B,4.546B,-335.00M,20.60B,10.82B,268.85B,2.738T,109.38B,768.43B,384.59B,2.470T,1.982T,2.085T,10.82B,78.99B
BAC,2020-06,-1.162B,498.33B,18.00B,0.38,0.37,68.95B,2020-06,3.533B,968.83B,10.79B,261.64B,175.30B,3.799B,266.00M,22.33B,9.962B,265.64B,2.742T,109.22B,1.068T,372.32B,2.476T,1.876T,2.104T,9.962B,73.50B
BAC,2020-03,-120.00M,483.78B,30.12B,0.4,0.4,68.95B,2020-03,4.01B,1.024T,10.79B,256.71B,183.03B,4.531B,521.00M,23.26B,10.19B,264.92B,2.620T,109.17B,931.73B,383.19B,2.355T,1.909T,1.972T,10.19B,88.33B
BAC,2019-12,-6.633B,414.31B,24.20B,0.75,0.74,68.95B,2019-12,6.994B,963.45B,10.56B,240.86B,182.80B,8.169B,1.175B,22.35B,9.955B,264.81B,2.434T,115.12B,805.05B,372.11B,2.169T,1.875T,1.797T,9.955B,75.66B
BAC,2019-09,-5.617B,418.99B,30.68B,0.57,0.56,68.95B,2019-09,5.777B,953.34B,10.49B,243.40B,172.29B,6.859B,1.082B,22.81B,11.96B,268.39B,2.426T,122.82B,808.22B,405.04B,2.158T,1.872T,1.753T,11.96B,72.51B
BAC,2019-06,-7.477B,426.18B,27.24B,0.75,0.74,68.95B,2019-06,7.348B,939.47B,10.43B,238.01B,168.66B,8.959B,1.611B,23.08B,10.06B,271.41B,2.396T,131.31B,792.71B,390.85B,2.124T,1.849T,1.734T,10.06B,73.54B
BAC,2019-03,-10.04B,423.06B,14.01B,0.71,0.7,68.95B,2019-03,7.311B,921.29B,10.25B,233.93B,173.68B,8.767B,1.456B,23.00B,10.10B,267.01B,2.377T,135.16B,807.00B,376.14B,2.110T,1.812T,1.734T,10.10B,74.54B
BAC,2018-12,-12.21B,423.00B,20.19B,0.71,0.7,68.95B,2018-12,7.278B,925.28B,9.906B,229.39B,165.03B,8.698B,1.42B,22.68B,9.845B,265.32B,2.355T,141.22B,816.05B,372.20B,2.089T,1.777T,1.717T,9.845B,88.19B
BAC,2018-09,-14.84B,444.36B,29.04B,0.67,0.66,68.95B,2018-09,7.167B,904.24B,9.68B,234.10B,170.14B,8.994B,1.827B,22.72B,9.873B,262.16B,2.339T,146.25B,816.57B,370.77B,2.077T,1.774T,1.706T,9.873B,78.36B
BAC,2018-06,-13.33B,454.67B,40.62B,0.64,0.63,68.95B,2018-06,6.784B,911.05B,9.537B,226.60B,152.01B,8.498B,1.714B,22.55B,10.11B,264.22B,2.292T,152.00B,805.41B,370.54B,2.027T,1.762T,1.657T,10.11B,79.05B
BAC,2018-03,-12.28B,515.61B,38.07B,0.63,0.62,68.95B,2018-03,6.918B,911.45B,9.399B,232.26B,150.62B,8.394B,1.476B,23.07B,10.69B,266.22B,2.328T,158.20B,887.83B,367.22B,2.062T,1.744T,1.695T,10.69B,79.73B
BAC,2017-12,-7.082B,483.70B,32.67B,0.2,0.2,68.95B,2017-12,2.365B,915.83B,9.247B,227.40B,152.12B,6.161B,3.796B,20.21B,6.064B,267.15B,2.281T,160.41B,817.79B,361.65B,2.014T,1.779T,1.652T,6.064B,83.58B
BAC,2017-09,-6.168B,498.74B,32.68B,0.49,0.46,73.83B,2017-09,5.424B,908.40B,8.971B,228.67B,157.67B,7.611B,2.187B,21.84B,11.50B,272.46B,2.284T,165.14B,831.46B,380.14B,2.011T,1.769T,1.631T,11.50B,77.12B
BAC,2017-06,-6.605B,484.36B,36.49B,0.47,0.44,74.08B,2017-06,5.106B,890.68B,8.904B,223.92B,150.92B,8.121B,3.015B,22.83B,12.07B,270.99B,2.255T,167.96B,821.10B,383.83B,1.984T,1.749T,1.600T,12.07B,80.34B
BAC,2017-03,-7.316B,492.00B,44.16B,0.48,0.45,74.34B,2017-03,5.337B,887.90B,9.319B,221.38B,142.05B,7.32B,1.983B,22.25B,12.20B,268.15B,2.248T,170.00B,824.09B,372.31B,1.980T,1.724T,1.607T,12.20B,81.27B
BAC,2016-12,-7.288B,471.26B,23.94B,0.43,0.4,71.72B,2016-12,4.612B,882.03B,9.139B,216.82B,147.37B,5.923B,1.311B,19.99B,11.89B,266.20B,2.188T,172.26B,792.99B,341.60B,1.922T,1.698T,1.580T,11.89B,81.00B
BAC,2016-09,-1.701B,474.44B,26.89B,0.43,0.41,75.39B,2016-09,4.955B,882.73B,9.133B,225.14B,141.63B,7.304B,2.349B,21.64B,11.32B,270.08B,2.195T,173.48B,816.44B,346.72B,1.925T,1.701T,1.579T,11.50B,75.28B
BAC,2016-06,-1.328B,488.44B,33.05B,0.43,0.41,75.36B,2016-06,4.783B,879.11B,9.15B,229.62B,140.88B,6.817B,2.034B,21.29B,11.35B,267.07B,2.187T,174.77B,836.64B,351.99B,1.920T,1.660T,1.568T,11.53B,79.21B
BAC,2016-03,-2.61B,487.83B,30.88B,0.29,0.28,75.97B,2016-03,3.472B,874.41B,9.358B,232.85B,137.70B,4.977B,1.505B,20.79B,12.71B,262.78B,2.185T,175.12B,838.88B,357.55B,1.923T,1.649T,1.565T,12.90B,77.66B
BAC,2015-12,-5.358B,489.48B,28.10B,0.29,0.28,76.62B,2015-12,3.336B,871.60B,9.485B,236.76B,146.29B,4.847B,1.511B,19.49B,11.59B,256.18B,2.144T,173.32B,810.86B,348.68B,1.888T,1.656T,1.539T,11.80B,78.91B
BAC,2015-09,-3.694B,501.99B,34.52B,0.4,0.38,76.78B,2015-09,4.619B,858.35B,9.554B,237.29B,143.93B,6.247B,1.628B,20.99B,11.53B,255.90B,2.153T,174.11B,852.86B,377.69B,1.897T,1.625T,1.519T,11.74B,88.96B
BAC,2015-06,-5.19B,503.82B,39.90B,0.46,0.43,77.48B,2015-06,5.134B,855.11B,9.70B,243.41B,135.30B,7.218B,2.084B,21.96B,11.72B,251.66B,2.149T,174.91B,844.39B,388.22B,1.897T,1.637T,1.509T,11.94B,89.69B
BAC,2015-03,-2.967B,494.14B,33.27B,0.26,0.25,77.56B,2015-03,3.097B,849.69B,9.833B,237.86B,138.28B,4.322B,1.225B,20.91B,13.65B,250.19B,2.144T,175.68B,850.21B,375.31B,1.893T,1.618T,1.518T,13.87B,88.03B
BAC,2014-12,-4.32B,466.79B,31.17B,0.26,0.25,77.92B,2014-12,3.737B,855.10B,10.05B,243.14B,145.44B,5.418B,1.681B,21.52B,12.30B,243.47B,2.105T,172.77B,797.86B,377.89B,1.861T,1.627T,1.483T,12.53B,86.56B
BAC,2014-09,-5.515B,136.52B,33.28B,-0.04,-0.04,78.88B,2014-09,-232.00M,859.62B,9.987B,250.12B,150.53B,431.00M,663.00M,21.20B,17.71B,238.68B,2.124T,171.38B,500.51B,401.73B,1.885T,1.623T,1.483T,17.95B,91.59B
BAC,2014-06,-4.711B,161.54B,45.87B,0.19,0.19,79.28B,2014-06,2.291B,880.72B,10.14B,257.07B,151.06B,2.795B,504.00M,21.39B,16.07B,237.41B,2.171T,168.31B,528.93B,414.76B,1.933T,1.642T,1.518T,16.30B,90.04B
BAC,2014-03,-7.037B,164.44B,51.41B,-0.05,-0.05,79.94B,2014-03,-276.00M,887.27B,10.35B,254.78B,149.02B,-681.00M,-405.00M,21.78B,19.78B,231.89B,2.150T,167.05B,513.82B,403.54B,1.918T,1.636T,1.514T,20.02B,88.78B
BAC,2013-12,-8.457B,411.66B,46.00B,0.3,0.29,80.47B,2013-12,3.439B,897.09B,10.48B,249.67B,135.66B,3.845B,406.00M,21.06B,14.56B,232.68B,2.102T,168.64B,734.01B,379.77B,1.870T,1.637T,1.490T,14.83B,84.53B
BAC,2013-09,-6.823B,135.68B,40.77B,0.21,0.2,80.80B,2013-09,2.497B,905.37B,10.70B,255.33B,134.60B,4.845B,2.348B,20.35B,13.78B,232.28B,2.127T,169.69B,485.50B,401.64B,1.894T,1.641T,1.493T,14.05B,84.65B
BAC,2013-06,-7.709B,111.74B,46.47B,0.33,0.32,81.87B,2013-06,4.012B,890.97B,10.84B,262.48B,139.03B,5.498B,1.486B,22.05B,13.41B,231.03B,2.123T,171.43B,484.12B,418.11B,1.892T,1.639T,1.474T,13.68B,91.44B
BAC,2013-03,-3.488B,113.72B,42.15B,0.1,0.1,82.20B,2013-03,1.483B,884.96B,11.08B,279.64B,134.03B,1.984B,501.00M,22.63B,16.87B,237.29B,2.175T,176.94B,481.04B,424.33B,1.938T,1.694T,1.513T,17.15B,94.45B
BAC,2012-12,-2.797B,440.30B,30.73B,0.03,0.03,82.51B,2012-12,732.00M,879.29B,11.86B,275.58B,148.58B,-1.904B,-2.636B,20.05B,15.35B,236.96B,2.210T,176.91B,808.95B,472.57B,1.973T,1.712T,1.500T,15.66B,95.23B
BAC,2012-09,-811.00M,122.36B,35.29B,-0.0031,-0.0031,77.01B,2012-09,340.00M,866.80B,12.44B,286.53B,144.98B,1.11B,770.00M,20.19B,14.64B,238.61B,2.166T,176.83B,480.60B,454.17B,1.928T,1.669T,1.401T,14.95B,66.34B
BAC,2012-06,-3.50B,146.07B,39.02B,0.19,0.19,83.19B,2012-06,2.463B,875.32B,12.65B,301.85B,133.90B,3.147B,684.00M,21.60B,14.14B,235.98B,2.161T,176.76B,503.58B,458.83B,1.925T,1.657T,1.466T,14.46B,71.46B
BAC,2012-03,-4.996B,149.27B,39.25B,0.03,0.03,85.40B,2012-03,653.00M,883.06B,13.10B,354.91B,135.40B,719.00M,66.00M,21.51B,16.29B,232.50B,2.181T,176.76B,508.46B,433.14B,1.949T,1.673T,1.516T,16.60B,74.36B
BAC,2011-12,-5.437B,422.26B,35.70B,0.15,0.15,85.50B,2011-12,1.991B,886.55B,13.64B,372.26B,123.05B,2.432B,441.00M,17.31B,17.10B,230.10B,2.129T,175.02B,795.36B,373.61B,1.899T,1.612T,1.525T,16.79B,88.90B
BAC,2011-09,-2.071B,101.20B,33.87B,0.58,0.56,87.63B,2011-09,6.232B,920.53B,13.55B,398.96B,139.74B,7.433B,1.201B,28.54B,13.91B,230.25B,2.220T,173.28B,519.54B,421.73B,1.989T,1.700T,1.568T,14.11B,89.30B
BAC,2011-06,793.00M,139.82B,50.63B,-0.9,-0.9,92.89B,2011-06,-8.826B,924.04B,13.79B,426.66B,154.52B,-12.88B,-4.049B,12.07B,17.11B,222.18B,2.261T,168.13B,528.15B,444.67B,2.039T,1.733T,1.594T,14.68B,86.55B
