Ticker,Date,Accrued Comprehensive Inc,Cash and Short Term Investments,Cost of Goods Sold,Current Debt & Capital Lease Obligation,Current Deferred Liabilities,EPS Basic,EPS Diluted,Goodwill and Intangibles,Gross PP&E,Gross Profit,Income (Quarterly),Inventories,Net Income,Net Non-Operating Interest Income Expense,Net Operating Interest Income,Net PP&E,Non-Current Deferred Liabilities,Non-Current Portion of LTD and Capital Lease Obligation,Operating Income,Payables and Accrued Expenses,Pre-Tax Income,Provision for Income Taxes,Research and Development Expense,Revenue,SG&A Expense,Shareholders Equity,Total Assets,Total Capital Stock,Total Current Assets,Total Current Liabilities,Total Liabilities,Total Long Term Assets,Total Long Term Liabilities,Total Operating Expenses,Total Payables,Total Receivables
BAX,2020-12,-3.314B,3.73B,1.99B,517.00M,0,0.33,0.33,4.888B,11.87B,1.191B,2020-12,1.916B,168.00M,-38.00M,-38.00M,5.325B,143.00M,6.287B,360.00M,2.261B,210.00M,39.00M,135.00M,3.181B,696.00M,8.689B,20.02B,683.00M,8.411B,3.333B,11.29B,11.61B,7.96B,831.00M,1.451B,2.077B
BAX,2020-09,-3.839B,4.359B,1.777B,727.00M,0,0.7,0.69,4.772B,11.57B,1.195B,2020-09,1.988B,356.00M,-39.00M,-39.00M,5.038B,244.00M,6.25B,471.00M,2.695B,415.00M,56.00M,123.00M,2.972B,601.00M,8.567B,20.10B,683.00M,9.033B,3.422B,11.50B,11.06B,8.074B,724.00M,2.695B,2.001B
BAX,2020-06,-3.988B,4.085B,1.68B,319.00M,0,0.48,0.48,4.768B,11.26B,1.038B,2020-06,1.905B,246.00M,-36.00M,-36.00M,4.963B,218.00M,6.543B,331.00M,2.561B,289.00M,42.00M,117.00M,2.718B,590.00M,8.128B,19.46B,683.00M,8.566B,2.88B,11.30B,10.90B,8.425B,707.00M,2.561B,1.884B
BAX,2020-03,-4.177B,4.11B,1.639B,536.00M,0,0.65,0.64,4.72B,11.02B,1.163B,2020-03,1.694B,331.00M,-21.00M,-21.00M,4.917B,0,6.482B,409.00M,2.50B,378.00M,45.00M,146.00M,2.802B,628.00M,7.699B,19.08B,683.00M,8.333B,3.036B,11.34B,10.74B,8.309B,754.00M,2.50B,1.892B
BAX,2019-12,-3.71B,3.335B,1.741B,642.00M,0,-0.04,-0.04,4.501B,11.27B,1.298B,2019-12,1.653B,-23.00M,-20.00M,-20.00M,5.12B,0,5.319B,-279.00M,2.004B,-223.00M,-204.00M,156.00M,3.039B,1.421B,7.882B,18.19B,683.00M,7.503B,3.23B,10.28B,10.69B,7.051B,1.577B,1.201B,1.896B
BAX,2019-09,-4.288B,3.009B,1.621B,2.00M,0,0.72,0.71,4.212B,10.97B,1.23B,2019-09,1.715B,369.00M,-13.00M,-13.00M,4.995B,0,5.557B,459.00M,2.609B,481.00M,106.00M,144.00M,2.851B,627.00M,7.588B,17.30B,683.00M,7.21B,2.611B,9.682B,10.09B,7.071B,771.00M,2.609B,1.814B
BAX,2019-06,-4.639B,2.925B,1.681B,4.00M,0,0.61,0.6,4.302B,11.18B,1.153B,2019-06,1.757B,313.00M,-20.00M,-20.00M,5.129B,0,5.647B,346.00M,2.593B,326.00M,13.00M,166.00M,2.834B,641.00M,7.812B,17.54B,683.00M,7.218B,2.597B,9.708B,10.33B,7.111B,807.00M,2.593B,1.885B
BAX,2019-03,-4.562B,1.908B,1.558B,798.00M,0,0.67,0.66,4.371B,10.99B,1.08B,2019-03,1.751B,342.00M,-18.00M,-18.00M,5.056B,0,3.871B,383.00M,2.529B,386.00M,44.00M,129.00M,2.638B,601.00M,7.646B,16.35B,683.00M,6.087B,3.327B,8.681B,10.26B,5.354B,697.00M,2.529B,1.802B
BAX,2018-12,-3.823B,1.838B,1.65B,4.00M,0,0.66,0.65,4.412B,10.33B,1.183B,2018-12,1.667B,305.00M,-11.00M,-11.00M,4.53B,0,3.481B,390.00M,2.234B,413.00M,102.00M,175.00M,2.833B,628.00M,7.844B,15.72B,683.00M,5.959B,2.814B,7.854B,9.761B,5.04B,793.00M,1.334B,1.84B
BAX,2018-09,-4.239B,2.86B,1.529B,3.00M,0,0.97,0.95,4.382B,10.32B,1.232B,2018-09,1.718B,518.00M,-11.00M,-11.00M,4.52B,0,3.485B,382.00M,2.701B,372.00M,-146.00M,166.00M,2.761B,684.00M,9.13B,16.85B,683.00M,7.028B,2.704B,7.734B,9.819B,5.03B,850.00M,2.701B,1.826B
BAX,2018-06,-4.199B,2.857B,1.603B,3.00M,0,0.64,0.63,4.411B,10.23B,1.239B,2018-06,1.622B,343.00M,-11.00M,-11.00M,4.531B,280.00M,3.495B,384.00M,2.626B,404.00M,61.00M,174.00M,2.842B,681.00M,8.881B,16.58B,683.00M,6.89B,2.629B,7.709B,9.688B,5.08B,855.00M,2.626B,1.783B
BAX,2018-03,-3.876B,2.947B,1.563B,3.00M,0,0.72,0.71,4.614B,10.39B,1.114B,2018-03,1.581B,389.00M,-12.00M,-12.00M,4.614B,93.00M,3.55B,364.00M,2.639B,438.00M,49.00M,140.00M,2.677B,610.00M,9.099B,16.89B,683.00M,6.956B,2.642B,7.797B,9.934B,5.155B,750.00M,2.639B,1.807B
BAX,2017-12,-4.001B,3.394B,1.629B,3.00M,0,-0.13,-0.13,4.473B,10.15B,1.168B,2017-12,1.475B,-186.00M,-14.00M,-14.00M,4.588B,0,3.509B,311.00M,2.17B,176.00M,352.00M,183.00M,2.797B,730.00M,9.124B,17.11B,683.00M,7.263B,2.821B,7.995B,9.848B,5.174B,857.00M,1.235B,1.793B
BAX,2017-09,-3.994B,3.517B,1.577B,3.00M,0,0.46,0.45,4.488B,9.954B,1.13B,2017-09,1.55B,251.00M,-14.00M,-14.00M,4.488B,0,3.495B,292.00M,2.659B,290.00M,42.00M,150.00M,2.707B,688.00M,9.466B,17.54B,683.00M,7.448B,2.662B,8.082B,10.09B,5.42B,838.00M,2.659B,1.748B
BAX,2017-06,-4.176B,3.817B,1.473B,3.00M,0,0.49,0.48,3.855B,9.592B,1.132B,2017-06,1.525B,265.00M,-13.00M,-13.00M,4.337B,0,3.454B,347.00M,2.554B,306.00M,42.00M,155.00M,2.605B,630.00M,9.175B,16.96B,683.00M,7.704B,2.558B,7.798B,9.259B,5.24B,785.00M,2.554B,1.721B
BAX,2017-03,-4.418B,2.858B,1.431B,3.00M,0,0.5,0.49,3.724B,9.336B,1.044B,2017-03,1.48B,272.00M,-14.00M,-14.00M,4.274B,0,2.784B,353.00M,2.432B,328.00M,55.00M,127.00M,2.475B,564.00M,8.686B,15.66B,683.00M,6.633B,2.438B,6.984B,9.026B,4.546B,691.00M,2.432B,1.646B
BAX,2016-12,-4.556B,2.801B,1.537B,3.00M,0,0.46,0.46,3.706B,9.162B,1.108B,2016-12,1.43B,243.00M,-13.00M,-13.00M,4.289B,0,2.779B,282.00M,1.997B,279.00M,39.00M,156.00M,2.645B,670.00M,8.29B,15.55B,683.00M,6.574B,2.744B,7.266B,8.972B,4.522B,826.00M,1.13B,1.691B
BAX,2016-09,-4.172B,2.597B,1.487B,6.00M,0,0.24,0.24,3.859B,9.258B,1.071B,2016-09,1.568B,130.00M,-14.00M,-14.00M,4.327B,0,2.834B,186.00M,2.597B,128.00M,1.00M,159.00M,2.558B,726.00M,8.677B,15.80B,683.00M,6.589B,2.606B,7.131B,9.206B,4.525B,885.00M,2.597B,1.739B
BAX,2016-06,-4.204B,2.63B,1.613B,1.074B,0,2.21,2.19,3.912B,9.129B,972.00M,2016-06,1.591B,1.212B,-11.00M,-11.00M,4.329B,0,2.094B,68.00M,2.645B,1.218B,6.00M,195.00M,2.585B,709.00M,8.509B,15.98B,683.00M,6.823B,3.723B,7.472B,9.159B,3.749B,904.00M,2.645B,1.813B
BAX,2016-03,-3.035B,3.443B,1.41B,1.289B,0,6.16,6.12,4.086B,9.134B,965.00M,2016-03,1.682B,3.38B,-28.00M,-28.00M,4.403B,0,2.068B,188.00M,2.524B,3.329B,-58.00M,136.00M,2.375B,641.00M,9.019B,17.35B,683.00M,8.017B,3.823B,8.33B,9.333B,4.507B,777.00M,2.524B,1.83B
BAX,2015-12,224.00M,7.361B,1.531B,2.585B,21.00M,0.37,0.37,4.036B,8.99B,1.072B,2015-12,1.604B,205.00M,-32.00M,-32.00M,4.386B,195.00M,3.922B,178.00M,2.298B,205.00M,22.00M,161.00M,2.603B,733.00M,8.846B,20.96B,683.00M,11.80B,5.75B,12.10B,9.166B,6.347B,894.00M,1.472B,1.731B
BAX,2015-09,-617.00M,6.126B,1.453B,2.938B,0,0.0018,0.0018,4.128B,8.964B,1.034B,2015-09,1.696B,1.00M,-34.00M,-34.00M,4.338B,0,3.791B,92.00M,3.00B,-33.00M,-35.00M,148.00M,2.487B,794.00M,7.824B,20.17B,683.00M,11.14B,5.981B,12.33B,9.034B,6.346B,942.00M,3.00B,1.772B
BAX,2015-06,-4.146B,6.68B,1.454B,2.164B,0,0.61,0.6,5.876B,15.15B,1.021B,2015-06,3.842B,332.00M,-30.00M,-30.00M,8.967B,0,12.05B,87.00M,4.148B,108.00M,34.00M,151.00M,2.475B,783.00M,7.988B,30.02B,683.00M,14.50B,6.312B,21.99B,15.52B,15.68B,934.00M,4.148B,2.852B
BAX,2015-03,-4.709B,2.53B,1.384B,2.325B,0,0.79,0.78,5.762B,14.37B,1.019B,2015-03,3.501B,430.00M,-30.00M,-30.00M,8.492B,0,7.68B,92.00M,3.749B,148.00M,14.00M,143.00M,2.403B,784.00M,7.258B,24.86B,683.00M,9.734B,6.074B,17.57B,15.13B,11.50B,927.00M,3.749B,2.599B
BAX,2014-12,-3.65B,2.925B,1.582B,1.698B,0,1.76,1.74,4.547B,8.954B,1.207B,2014-12,1.577B,953.00M,-29.00M,-29.00M,4.434B,0,7.331B,191.00M,2.294B,109.00M,-18.00M,156.00M,2.789B,860.00M,8.12B,26.14B,683.00M,10.16B,6.037B,17.98B,15.98B,11.94B,1.016B,1.56B,1.884B
BAX,2014-09,-2.654B,2.078B,1.516B,1.515B,0,0.86,0.86,6.201B,14.51B,1.193B,2014-09,3.704B,468.00M,-31.00M,-31.00M,8.448B,0,7.753B,217.00M,4.46B,202.00M,27.00M,149.00M,2.709B,827.00M,8.404B,25.56B,683.00M,9.631B,5.99B,17.14B,15.93B,11.15B,976.00M,4.46B,2.842B
BAX,2014-06,-2.145B,1.866B,2.185B,1.311B,0,0.96,0.95,6.555B,14.37B,1.969B,2014-06,3.836B,520.00M,-42.00M,-42.00M,8.152B,0,7.528B,659.00M,4.484B,602.00M,134.00M,322.00M,4.154B,988.00M,8.662B,25.63B,683.00M,9.487B,5.795B,16.94B,16.14B,11.15B,1.31B,4.484B,2.914B
BAX,2014-03,-1.946B,2.049B,1.957B,1.177B,0,1.02,1.01,6.495B,14.08B,1.891B,2014-03,3.748B,556.00M,-43.00M,-43.00M,7.962B,0,7.517B,672.00M,4.468B,653.00M,146.00M,309.00M,3.848B,910.00M,8.671B,25.26B,683.00M,9.388B,5.645B,16.57B,15.87B,10.92B,1.219B,4.468B,2.708B
BAX,2013-12,-1.976B,2.733B,82.00M,1.04B,0,0.6,0.59,6.499B,13.80B,-1.314B,2013-12,3.499B,326.00M,-41.00M,-41.00M,7.832B,0,8.126B,-1.623B,3.257B,-1.647B,-359.00M,-187.00M,-1.232B,496.00M,8.463B,25.22B,683.00M,10.20B,5.248B,16.74B,15.03B,11.49B,309.00M,1.988B,2.911B
BAX,2013-09,-2.60B,2.376B,1.804B,414.00M,0,1,0.99,6.462B,13.32B,1.906B,2013-09,3.581B,544.00M,-45.00M,-45.00M,7.518B,0,8.652B,654.00M,4.582B,664.00M,136.00M,277.00M,3.71B,975.00M,7.749B,25.25B,683.00M,9.597B,4.996B,17.50B,15.65B,12.51B,1.252B,4.582B,2.766B
BAX,2013-06,-2.765B,5.989B,1.73B,411.00M,878.00M,1.09,1.07,3.551B,12.11B,1.939B,2013-06,3.069B,590.00M,-17.00M,-17.00M,6.361B,0,8.624B,828.00M,4.105B,743.00M,153.00M,273.00M,3.669B,838.00M,7.282B,23.75B,683.00M,12.18B,4.516B,16.44B,11.57B,11.92B,1.111B,4.105B,2.342B
BAX,2013-03,-2.757B,2.689B,1.692B,710.00M,738.00M,1.01,1,3.637B,11.87B,1.756B,2013-03,2.963B,552.00M,-25.00M,-25.00M,6.205B,0,5.157B,715.00M,4.068B,693.00M,141.00M,246.00M,3.448B,795.00M,6.961B,20.32B,683.00M,8.814B,4.778B,13.32B,11.50B,8.539B,1.041B,4.068B,2.319B
BAX,2012-12,-2.81B,3.27B,1.761B,350.00M,0,0.9,0.89,3.316B,11.87B,1.738B,2012-12,2.803B,494.00M,-22.00M,-22.00M,6.098B,0,5.58B,523.00M,2.776B,523.00M,72.00M,216.00M,3.499B,999.00M,6.938B,20.39B,683.00M,9.26B,4.759B,13.41B,11.13B,8.653B,1.215B,1.615B,2.425B
BAX,2012-09,-2.549B,3.191B,1.667B,333.00M,0,1.07,1.06,3.365B,11.54B,1.81B,2012-09,2.831B,583.00M,-25.00M,-25.00M,5.862B,0,5.614B,777.00M,4.125B,766.00M,183.00M,290.00M,3.477B,743.00M,7.129B,19.82B,683.00M,9.105B,4.458B,12.64B,10.72B,8.177B,1.033B,1.486B,2.324B
BAX,2012-06,-2.737B,2.353B,1.70B,882.00M,0,1.2,1.19,3.354B,11.12B,1.872B,2012-06,2.73B,661.00M,-22.00M,-22.00M,5.623B,0,4.432B,777.00M,3.988B,817.00M,156.00M,306.00M,3.572B,789.00M,6.551B,18.45B,683.00M,8.048B,4.87B,11.83B,10.40B,6.964B,1.095B,0,2.225B
BAX,2012-03,-2.449B,2.272B,1.674B,798.00M,0,1.05,1.04,3.405B,11.12B,1.714B,2012-03,2.737B,588.00M,-18.00M,-18.00M,5.637B,0,4.411B,693.00M,4.059B,732.00M,144.00M,269.00M,3.388B,752.00M,6.725B,18.78B,683.00M,8.117B,4.857B,11.82B,10.67B,6.963B,1.021B,0,2.341B
BAX,2011-12,-2.591B,2.905B,1.829B,446.00M,0,0.82,0.82,3.143B,10.97B,1.765B,2011-12,2.628B,463.00M,-15.00M,-15.00M,5.525B,0,4.749B,625.00M,2.778B,548.00M,76.00M,254.00M,3.594B,886.00M,6.585B,19.07B,683.00M,8.65B,4.857B,12.24B,10.42B,7.388B,1.14B,0,2.42B
BAX,2011-09,-2.049B,2.338B,1.708B,95.00M,0,1.02,1.01,2.829B,10.79B,1.771B,2011-09,2.621B,576.00M,-14.00M,-14.00M,5.426B,0,4.447B,745.00M,4.07B,727.00M,149.00M,239.00M,3.479B,787.00M,6.952B,17.84B,683.00M,8.002B,4.165B,10.65B,9.841B,6.488B,1.026B,0,2.347B
BAX,2011-06,-1.772B,2.018B,1.701B,22.00M,0,1.08,1.07,2.87B,10.85B,1.835B,2011-06,2.648B,615.00M,-15.00M,-15.00M,5.481B,0,4.378B,831.00M,4.009B,803.00M,174.00M,239.00M,3.536B,765.00M,6.997B,17.74B,683.00M,7.809B,4.031B,10.50B,9.932B,6.466B,1.004B,0,2.491B
BAX,2011-03,-1.875B,2.168B,1.609B,23.00M,0,0.99,0.98,2.56B,10.81B,1.675B,2011-03,2.517B,570.00M,-10.00M,-10.00M,5.419B,0,4.351B,745.00M,3.866B,731.00M,154.00M,214.00M,3.284B,716.00M,6.734B,17.41B,683.00M,7.761B,3.889B,10.44B,9.652B,6.553B,930.00M,0,2.399B
