Ticker,Date,Accrued Comprehensive Inc,Cash and Short Term Investments,Cost of Goods Sold,Current Debt & Capital Lease Obligation,Current Deferred Liabilities,EPS Basic,EPS Diluted,Goodwill and Intangibles,Gross PP&E,Gross Profit,Income (Quarterly),Inventories,Net Income,Net Non-Operating Interest Income Expense,Net Operating Interest Income,Net PP&E,Non-Current Deferred Liabilities,Non-Current Portion of LTD and Capital Lease Obligation,Operating Income,Payables and Accrued Expenses,Pre-Tax Income,Provision for Income Taxes,Revenue,SG&A Expense,Shareholders Equity,Total Assets,Total Capital Stock,Total Current Assets,Total Current Liabilities,Total Liabilities,Total Long Term Assets,Total Long Term Liabilities,Total Operating Expenses,Total Payables,Total Receivables
BBY,2021-01,328.00M,5.494B,13.39B,817.00M,1.028B,3.15,3.1,1.287B,11.87B,3.543B,2021-01,5.612B,816.00M,-9.00M,-9.00M,4.872B,0,3.174B,1.175B,7.951B,1.043B,227.00M,16.94B,2.368B,4.587B,19.07B,26.00M,12.54B,10.52B,14.48B,6.527B,3.959B,2.368B,6.979B,1.061B
BBY,2020-10,268.00M,5.681B,9.058B,1.355B,1.066B,1.5,1.48,1.325B,4.957B,2.795B,2020-10,7.459B,391.00M,-11.00M,-11.00M,4.957B,0,3.373B,672.00M,10.08B,555.00M,164.00M,11.85B,2.123B,4.086B,21.20B,26.00M,14.55B,12.94B,17.12B,6.651B,4.171B,2.123B,9.11B,1.028B
BBY,2020-07,256.00M,5.305B,7.64B,1.355B,966.00M,1.67,1.65,1.345B,5.047B,2.27B,2020-07,4.136B,432.00M,-15.00M,-15.00M,5.047B,0,2.838B,568.00M,7.506B,561.00M,129.00M,9.91B,1.702B,3.778B,17.41B,26.00M,10.68B,10.08B,13.63B,6.729B,3.554B,1.702B,6.613B,906.00M
BBY,2020-04,243.00M,3.919B,6.597B,2.606B,788.00M,0.61,0.61,1.348B,4.922B,1.965B,2020-04,3.993B,159.00M,-17.00M,-17.00M,4.922B,0,2.697B,230.00M,5.197B,218.00M,59.00M,8.562B,1.735B,3.41B,15.60B,26.00M,8.996B,8.804B,12.20B,6.609B,3.391B,1.735B,4.428B,749.00M
BBY,2020-01,295.00M,2.229B,11.96B,674.00M,782.00M,2.87,2.84,1.347B,11.94B,3.235B,2020-01,5.174B,745.00M,-14.00M,-14.00M,5.037B,0,3.306B,967.00M,6.194B,967.00M,222.00M,15.20B,2.268B,3.479B,15.59B,26.00M,8.857B,8.06B,12.11B,6.734B,4.052B,2.268B,5.288B,1.149B
BBY,2019-10,290.00M,1.205B,7.403B,658.00M,716.00M,1.11,1.1,1.384B,5.11B,2.361B,2019-10,7.569B,293.00M,-16.00M,-16.00M,5.11B,0,3.439B,388.00M,8.001B,389.00M,96.00M,9.764B,1.973B,3.125B,16.93B,26.00M,10.18B,9.726B,13.80B,6.751B,4.075B,1.973B,7.232B,1.056B
BBY,2019-07,294.00M,1.609B,7.253B,657.00M,732.00M,0.89,0.89,1.381B,5.135B,2.283B,2019-07,5.208B,238.00M,-16.00M,-16.00M,5.135B,0,3.477B,361.00M,5.844B,307.00M,69.00M,9.536B,1.922B,3.285B,14.98B,26.00M,8.192B,7.576B,11.69B,6.786B,4.117B,1.922B,5.045B,966.00M
BBY,2019-04,289.00M,1.561B,6.973B,653.00M,674.00M,0.99,0.98,1.266B,5.042B,2.169B,2019-04,5.195B,265.00M,-18.00M,-18.00M,5.042B,0,3.366B,334.00M,5.569B,330.00M,65.00M,9.142B,1.835B,3.354B,14.55B,27.00M,8.014B,7.171B,11.20B,6.536B,4.025B,1.835B,4.718B,833.00M
BBY,2019-01,294.00M,1.98B,11.52B,56.00M,736.00M,2.73,2.69,1.265B,9.20B,3.283B,2019-01,5.409B,735.00M,-20.00M,-20.00M,2.51B,0,1.332B,977.00M,6.239B,972.00M,237.00M,14.80B,2.306B,3.306B,12.90B,27.00M,8.87B,7.513B,9.595B,4.031B,2.082B,2.306B,5.257B,1.015B
BBY,2018-10,300.00M,1.304B,7.266B,46.00M,730.00M,1.01,0.99,1.304B,2.525B,2.324B,2018-10,8.168B,277.00M,-15.00M,-15.00M,2.525B,0,1.28B,322.00M,8.808B,330.00M,53.00M,9.59B,2.002B,3.012B,15.00B,27.00M,10.90B,9.933B,11.99B,4.099B,2.055B,2.002B,7.964B,921.00M
BBY,2018-07,296.00M,2.33B,7.15B,47.00M,713.00M,0.88,0.86,425.00M,2.432B,2.229B,2018-07,5.016B,244.00M,-19.00M,-19.00M,2.432B,0,801.00M,352.00M,6.151B,329.00M,85.00M,9.379B,1.877B,3.186B,11.99B,27.00M,8.771B,7.229B,8.807B,3.222B,1.578B,1.877B,5.35B,915.00M
BBY,2018-04,310.00M,2.633B,6.984B,550.00M,656.00M,0.74,0.72,443.00M,2.385B,2.125B,2018-04,4.964B,208.00M,-19.00M,-19.00M,2.385B,0,792.00M,295.00M,5.553B,257.00M,49.00M,9.109B,1.83B,3.42B,12.08B,28.00M,8.93B,7.055B,8.662B,3.152B,1.607B,1.83B,4.773B,860.00M
BBY,2018-01,314.00M,3.133B,11.94B,544.00M,838.00M,1.26,1.23,425.00M,8.70B,3.421B,2018-01,5.209B,364.00M,-18.00M,-18.00M,2.421B,0,811.00M,882.00M,5.874B,873.00M,509.00M,15.36B,2.539B,3.612B,13.05B,28.00M,9.829B,7.817B,9.437B,3.22B,1.62B,2.539B,4.873B,1.049B
BBY,2017-10,304.00M,3.34B,7.04B,545.00M,801.00M,0.8,0.78,443.00M,2.352B,2.28B,2017-10,6.663B,239.00M,-20.00M,-20.00M,2.352B,0,784.00M,348.00M,7.475B,342.00M,104.00M,9.32B,1.932B,4.152B,14.78B,30.00M,11.40B,9.152B,10.63B,3.38B,1.481B,1.932B,6.667B,971.00M
BBY,2017-07,321.00M,3.49B,6.787B,44.00M,810.00M,0.69,0.67,443.00M,2.327B,2.153B,2017-07,5.167B,209.00M,-18.00M,-18.00M,2.327B,0,1.31B,323.00M,5.942B,310.00M,101.00M,8.94B,1.83B,4.347B,13.44B,30.00M,10.08B,7.105B,9.097B,3.366B,1.992B,1.83B,5.155B,965.00M
BBY,2017-04,266.00M,3.599B,6.506B,45.00M,760.00M,0.61,0.6,443.00M,2.287B,2.022B,2017-04,4.637B,188.00M,-19.00M,-19.00M,2.287B,0,1.302B,300.00M,5.391B,292.00M,104.00M,8.528B,1.722B,4.499B,12.96B,31.00M,9.656B,6.47B,8.456B,3.299B,1.986B,1.722B,4.692B,1.011B
BBY,2017-01,279.00M,3.921B,10.45B,44.00M,845.00M,1.94,1.91,443.00M,8.143B,3.03B,2017-01,4.864B,607.00M,-18.00M,-18.00M,2.293B,0,1.321B,890.00M,5.875B,873.00M,266.00M,13.48B,2.14B,4.709B,13.86B,31.00M,10.52B,7.122B,9.147B,3.34B,2.025B,2.14B,5.01B,1.347B
BBY,2016-10,277.00M,3.118B,6.742B,43.00M,757.00M,0.61,0.61,443.00M,2.298B,2.203B,2016-10,6.331B,194.00M,-16.00M,-16.00M,2.298B,0,1.324B,313.00M,7.058B,304.00M,112.00M,8.945B,1.89B,4.261B,14.54B,31.00M,11.02B,8.166B,10.28B,3.521B,2.115B,1.89B,6.276B,1.174B
BBY,2016-07,296.00M,3.451B,6.471B,43.00M,749.00M,0.62,0.61,443.00M,2.295B,2.062B,2016-07,4.908B,198.00M,-18.00M,-18.00M,2.295B,0,1.341B,289.00M,5.736B,279.00M,97.00M,8.533B,1.773B,4.319B,13.25B,32.00M,9.694B,6.80B,8.935B,3.56B,2.135B,1.773B,4.896B,926.00M
BBY,2016-04,316.00M,3.065B,6.298B,44.00M,728.00M,0.71,0.7,443.00M,2.332B,2.145B,2016-04,4.719B,229.00M,-20.00M,-20.00M,2.332B,0,1.334B,401.00M,5.285B,360.00M,134.00M,8.443B,1.744B,4.426B,12.90B,32.00M,9.282B,6.334B,8.475B,3.619B,2.141B,1.744B,4.494B,1.097B
BBY,2016-01,271.00M,3.281B,10.67B,395.00M,766.00M,1.41,1.4,443.00M,8.107B,2.951B,2016-01,5.051B,479.00M,-20.00M,-20.00M,2.346B,0,1.339B,784.00M,5.38B,750.00M,273.00M,13.62B,2.167B,4.378B,13.52B,32.00M,9.886B,6.925B,9.141B,3.633B,2.216B,2.167B,4.578B,1.162B
BBY,2015-10,296.00M,3.347B,6.707B,383.00M,709.00M,0.36,0.36,443.00M,2.329B,2.112B,2015-10,6.651B,125.00M,-20.00M,-20.00M,2.329B,0,1.256B,238.00M,6.997B,213.00M,84.00M,8.819B,1.874B,4.65B,15.18B,34.00M,11.74B,8.395B,10.52B,3.44B,2.13B,1.874B,6.207B,1.061B
BBY,2015-07,298.00M,3.495B,6.43B,382.00M,687.00M,0.47,0.46,443.00M,2.235B,2.098B,2015-07,4.995B,164.00M,-20.00M,-20.00M,2.235B,0,1.227B,287.00M,5.484B,272.00M,108.00M,8.528B,1.811B,4.622B,13.57B,34.00M,10.24B,6.838B,8.944B,3.321B,2.106B,1.811B,4.706B,1.025B
BBY,2015-04,330.00M,3.739B,6.528B,383.00M,689.00M,0.37,0.36,443.00M,2.244B,2.03B,2015-04,4.93B,129.00M,-20.00M,-20.00M,2.244B,0,1.224B,264.00M,5.372B,75.00M,38.00M,8.558B,1.766B,4.868B,13.72B,35.00M,10.40B,6.721B,8.851B,3.323B,2.13B,1.766B,4.629B,995.00M
BBY,2015-01,382.00M,3.888B,11.18B,41.00M,737.00M,1.48,1.46,482.00M,7.66B,3.026B,2015-01,5.174B,519.00M,-22.00M,-22.00M,2.295B,0,1.572B,803.00M,6.042B,798.00M,274.00M,14.21B,2.223B,4.995B,15.24B,35.00M,11.47B,7.777B,10.24B,3.773B,2.468B,2.223B,5.26B,1.28B
BBY,2014-10,468.00M,3.138B,6.956B,44.00M,830.00M,0.3,0.3,524.00M,2.524B,2.076B,2014-10,6.90B,107.00M,-22.00M,-22.00M,2.524B,0,1.591B,210.00M,7.447B,188.00M,72.00M,9.032B,1.866B,4.569B,15.76B,35.00M,12.06B,8.626B,11.19B,3.699B,2.563B,1.866B,6.659B,1.066B
BBY,2014-07,494.00M,3.08B,6.481B,43.00M,813.00M,0.42,0.42,525.00M,2.532B,1.978B,2014-07,5.583B,146.00M,-23.00M,-23.00M,2.532B,0,1.592B,230.00M,6.108B,210.00M,73.00M,8.459B,1.748B,4.526B,14.35B,35.00M,10.61B,7.251B,9.819B,3.738B,2.568B,1.748B,5.312B,1.005B
BBY,2014-04,494.00M,3.066B,6.672B,44.00M,756.00M,1.33,1.31,525.00M,2.525B,1.967B,2014-04,5.255B,461.00M,-23.00M,-23.00M,2.525B,0,1.604B,212.00M,5.73B,191.00M,-278.00M,8.639B,1.755B,4.421B,13.91B,35.00M,10.12B,6.88B,9.487B,3.793B,2.607B,1.755B,4.999B,871.00M
BBY,2014-01,492.00M,2.901B,10.04B,45.00M,805.00M,0.85,0.83,526.00M,7.575B,2.626B,2014-01,5.376B,293.00M,-23.00M,-23.00M,2.598B,0,1.612B,578.00M,6.142B,453.00M,136.00M,12.67B,2.048B,3.986B,14.01B,35.00M,10.48B,7.436B,10.02B,3.528B,2.588B,2.048B,5.269B,1.308B
BBY,2013-10,528.00M,2.17B,7.17B,45.00M,368.00M,0.16,0.16,703.00M,2.726B,2.157B,2013-10,6.978B,54.00M,-24.00M,-24.00M,2.726B,0,1.624B,121.00M,7.902B,78.00M,34.00M,9.327B,2.036B,3.742B,15.07B,35.00M,11.23B,8.665B,11.32B,3.834B,2.659B,2.036B,6.669B,1.123B
BBY,2013-07,529.00M,1.91B,6.808B,44.00M,358.00M,0.78,0.77,705.00M,2.744B,2.458B,2013-07,5.437B,266.00M,-26.00M,-26.00M,2.744B,0,1.634B,420.00M,6.283B,406.00M,169.00M,9.266B,2.038B,3.602B,13.28B,34.00M,9.414B,7.028B,9.679B,3.87B,2.651B,2.038B,5.098B,1.188B
BBY,2013-04,82.00M,908.00M,7.189B,544.00M,373.00M,-0.24,-0.24,708.00M,2.83B,2.158B,2013-04,5.461B,-81.00M,-27.00M,-27.00M,2.83B,0,1.142B,174.00M,5.926B,146.00M,49.00M,9.347B,1.984B,2.916B,14.33B,34.00M,10.01B,8.561B,10.78B,4.325B,2.222B,1.984B,4.784B,937.00M
BBY,2012-10,105.00M,309.00M,7.153B,854.00M,456.00M,-0.03,-0.03,1.688B,8.252B,2.228B,2012-10,8.156B,-10.00M,-27.00M,-27.00M,3.407B,0,1.158B,36.00M,9.473B,-15.00M,-6.00M,9.381B,2.192B,3.507B,17.56B,34.00M,11.85B,11.15B,13.43B,5.71B,2.28B,2.192B,7.942B,2.25B
BBY,2012-07,86.00M,680.00M,7.078B,1.061B,0,0.04,0.04,1.449B,7.905B,2.261B,2012-07,6.299B,12.00M,-26.00M,-26.00M,3.407B,0,1.165B,179.00M,7.538B,64.00M,33.00M,9.339B,2.082B,3.515B,15.85B,34.00M,10.18B,9.448B,11.74B,5.665B,2.29B,2.082B,6.062B,2.135B
BBY,2012-04,98.00M,1.386B,7.789B,349.00M,0,0.46,0.46,1.689B,0,2.584B,2012-04,6.065B,158.00M,-28.00M,-28.00M,3.407B,0,1.678B,391.00M,7.598B,239.00M,70.00M,10.37B,2.193B,3.672B,16.01B,34.00M,10.32B,9.001B,11.70B,5.695B,2.703B,2.193B,6.003B,1.846B
BBY,2012-02,90.00M,1.199B,8.658B,523.00M,0,-4.61,-4.61,1.694B,0,2.413B,2012-02,5.731B,-1.698B,-9.00M,-9.00M,3.471B,0,1.685B,1.341B,7.337B,1.44B,472.00M,11.07B,1.072B,3.745B,16.00B,34.00M,10.30B,8.855B,11.64B,5.708B,2.784B,1.072B,5.652B,2.288B
BBY,2011-11,12.00M,2.392B,9.168B,590.00M,0,0.43,0.42,2.714B,0,2.931B,2011-11,9.22B,154.00M,-37.00M,-37.00M,3.567B,0,2.806B,315.00M,12.05B,204.00M,72.00M,12.10B,2.616B,5.71B,22.75B,35.00M,15.91B,13.57B,16.37B,6.839B,2.806B,2.616B,10.08B,3.212B
BBY,2011-08,211.00M,2.12B,8.475B,836.00M,0,0.48,0.47,2.799B,0,2.872B,2011-08,6.403B,177.00M,-34.00M,-34.00M,3.761B,0,1.696B,289.00M,7.412B,259.00M,99.00M,11.35B,2.583B,6.087B,18.83B,37.00M,11.50B,9.147B,12.02B,7.328B,2.872B,2.583B,5.832B,1.945B
BBY,2011-05,236.00M,2.228B,8.172B,480.00M,0,0.35,0.35,2.816B,0,2.768B,2011-05,6.356B,136.00M,-31.00M,-31.00M,3.767B,0,1.70B,284.00M,7.324B,263.00M,99.00M,10.94B,2.484B,6.319B,18.67B,38.00M,11.29B,8.736B,11.62B,7.38B,2.884B,2.484B,5.78B,1.742B
BBY,2011-02,173.00M,1.125B,11.88B,998.00M,0,1.61,1.58,2.79B,0,3.847B,2011-02,5.897B,651.00M,-22.00M,-22.00M,3.823B,0,711.00M,1.403B,6.621B,1.253B,379.00M,15.73B,2.444B,6.602B,17.85B,39.00M,10.47B,8.663B,10.56B,7.376B,1.894B,2.444B,5.15B,2.348B
