Ticker,Date,Accrued Comprehensive Inc,Cash and Short Term Investments,Cost of Goods Sold,Current Debt & Capital Lease Obligation,Current Deferred Liabilities,EPS Basic,EPS Diluted,Goodwill and Intangibles,Gross PP&E,Gross Profit,Income (Quarterly),Net Income,Net Non-Operating Interest Income Expense,Net Operating Interest Income,Net PP&E,Non-Current Deferred Liabilities,Non-Current Portion of LTD and Capital Lease Obligation,Operating Income,Payables and Accrued Expenses,Pre-Tax Income,Provision for Income Taxes,Research and Development Expense,Revenue,SG&A Expense,Shareholders Equity,Total Assets,Total Capital Stock,Total Current Assets,Total Current Liabilities,Total Liabilities,Total Long Term Assets,Total Long Term Liabilities,Total Operating Expenses,Total Payables,Total Receivables
BKNG,2020-12,-118.00M,11.06B,0,985.00M,323.00M,-4.02,-4.02,3.707B,2.438B,0,2020-12,-165.00M,-93.00M,-93.00M,1.285B,1.127B,11.40B,-79.00M,2.117B,245.00M,410.00M,0,1.238B,1.203B,4.893B,21.87B,0,12.21B,3.425B,16.98B,9.668B,13.56B,1.317B,735.00M,529.00M
BKNG,2020-09,-196.00M,11.20B,0,979.00M,487.00M,19.56,19.49,3.703B,1.312B,0,2020-09,801.00M,-93.00M,-93.00M,1.312B,1.006B,11.23B,929.00M,2.502B,835.00M,34.00M,0,2.64B,1.596B,4.913B,22.14B,0,12.58B,3.968B,17.23B,9.562B,13.26B,1.711B,1.114B,859.00M
BKNG,2020-06,-233.00M,10.40B,0,973.00M,910.00M,2.98,2.97,4.277B,1.313B,0,2020-06,122.00M,-84.00M,-84.00M,1.313B,931.00M,11.05B,-450.00M,2.026B,209.00M,87.00M,0,630.00M,968.00M,3.999B,20.91B,0,11.45B,3.909B,16.91B,9.459B,13.00B,1.08B,581.00M,566.00M
BKNG,2020-03,-342.00M,7.189B,0,995.00M,960.00M,-17.01,-17.01,4.288B,1.316B,0,2020-03,-699.00M,-32.00M,-32.00M,1.316B,786.00M,7.991B,180.00M,2.181B,-722.00M,-23.00M,0,2.288B,1.991B,3.835B,17.86B,0,9.26B,4.136B,14.03B,8.602B,9.891B,2.108B,926.00M,667.00M
BKNG,2019-12,-191.00M,7.31B,0,988.00M,1.561B,28.07,27.75,4.867B,2.285B,0,2019-12,1.171B,-23.00M,-23.00M,1.358B,876.00M,8.102B,1.172B,2.817B,1.42B,249.00M,0,3.339B,2.05B,5.933B,21.40B,0,9.833B,5.366B,15.47B,11.57B,10.10B,2.167B,1.239B,1.68B
BKNG,2019-09,-265.00M,7.439B,0,982.00M,1.567B,46.01,45.54,4.87B,1.316B,0,2019-09,1.95B,-26.00M,-26.00M,1.316B,868.00M,7.978B,2.37B,2.979B,2.363B,413.00M,0,5.04B,2.553B,5.951B,21.45B,0,10.06B,5.528B,15.50B,11.39B,9.967B,2.67B,1.275B,1.788B
BKNG,2019-06,-230.00M,6.809B,0,975.00M,2.343B,22.62,22.44,4.956B,1.355B,0,2019-06,979.00M,-34.00M,-34.00M,1.355B,504.00M,8.181B,1.247B,3.031B,1.207B,228.00M,0,3.85B,2.484B,5.307B,21.49B,0,10.02B,6.349B,16.19B,11.47B,9.838B,2.603B,1.291B,1.973B
BKNG,2019-03,-169.00M,4.315B,0,968.00M,1.797B,17.01,16.85,4.985B,1.33B,0,2019-03,765.00M,-31.00M,-31.00M,1.33B,513.00M,8.107B,556.00M,2.811B,968.00M,203.00M,0,2.837B,2.165B,6.915B,22.37B,0,7.077B,5.576B,15.45B,15.29B,9.875B,2.281B,934.00M,1.491B
BKNG,2018-12,-316.00M,6.284B,0,0,1.022B,14,13.86,5.035B,1.349B,0,2018-12,646.00M,-207.00M,-207.00M,656.00M,370.00M,8.649B,1.143B,2.533B,632.00M,-14.00M,0,3.213B,1.961B,8.785B,22.69B,0,8.407B,3.555B,13.90B,14.28B,10.35B,2.07B,1.134B,1.523B
BKNG,2018-09,-233.81M,7.131B,0,0,1.101B,37.39,37.02,4.962B,0,0,2018-09,1.767B,-20.00M,-20.00M,642.86M,491.16M,8.704B,2.247B,2.829B,2.24B,473.00M,0,4.849B,2.495B,9.952B,24.37B,0.489M,9.468B,3.930B,14.42B,14.90B,10.49B,2.602B,1.175B,1.719B
BKNG,2018-06,-76.28M,7.332B,39.99M,948.19M,1.802B,20.34,20.13,5.013B,1.023B,2.763B,2018-06,978.00M,-19.00M,-19.00M,613.46M,502.58M,7.765B,1.221B,2.472B,1.21B,232.00M,0,3.537B,2.209B,10.52B,25.30B,0.489M,10.03B,5.222B,14.78B,15.26B,9.555B,2.316B,1.054B,1.715B
BKNG,2018-03,56.41M,6.863B,54.18M,941.66M,1.426B,12.56,12.34,4.895B,705.99M,4.380B,2018-03,607.00M,-23.00M,-23.00M,573.04M,481.22M,7.990B,730.00M,2.080B,753.00M,146.00M,0,2.928B,2.095B,10.69B,25.02B,0.488M,9.505B,4.447B,14.33B,15.51B,9.884B,2.198B,841.27M,1.530B
BKNG,2017-12,238.00M,7.402B,67.42M,711.00M,980.00M,-11.41,-11.41,4.915B,0,2.957B,2017-12,-555.22M,-24.30M,-24.30M,480.00M,481.00M,8.81B,986.48M,1.807B,941.43M,1.497B,0,2.803B,1.679B,11.26B,25.45B,0,9.035B,3.498B,14.19B,16.42B,10.69B,1.777B,668.00M,1.218B
BKNG,2017-09,653.67M,7.253B,80.40M,899.80M,827.36M,35.12,34.43,4.946B,0,2.339B,2017-09,1.720B,-24.86M,-24.86M,457.55M,407.94M,8.727B,2.102B,1.897B,2.067B,346.45M,0,4.434B,2.182B,12.89B,25.79B,0.486M,9.125B,3.624B,12.90B,16.66B,9.278B,2.278B,805.74M,1.438B
BKNG,2017-06,573.92M,6.356B,58.76M,899.48M,1.186B,14.66,14.39,4.333B,0,2.290B,2017-06,720.21M,-24.12M,-24.12M,425.10M,397.45M,7.565B,893.26M,1.672B,863.12M,142.91M,0,3.025B,1.978B,11.60B,23.46B,0.486M,8.273B,3.757B,11.85B,15.19B,8.097B,2.064B,598.20M,1.231B
BKNG,2017-03,247.06M,5.370B,101.49M,974.54M,879.40M,9.26,9.11,4.354B,0,3.589B,2017-03,455.62M,-23.72M,-23.72M,381.20M,497.85M,7.286B,556.46M,1.394B,527.61M,71.99M,0,2.419B,1.699B,10.83B,21.99B,0.486M,6.988B,3.248B,11.16B,15.01B,7.913B,1.783B,407.58M,934.25M
BKNG,2016-12,-134.68M,4.300B,126.08M,967.73M,614.36M,13.66,13.47,4.391B,0,2.430B,2016-12,673.92M,-26.19M,-26.19M,347.02M,822.33M,6.171B,790.35M,1.277B,762.42M,88.50M,0,2.348B,1.420B,9.849B,19.84B,0.485M,5.402B,2.859B,9.990B,14.44B,7.132B,1.499B,419.11M,860.12M
BKNG,2016-09,322.35M,4.378B,128.67M,960.98M,568.30M,10.24,10.13,4.457B,0,2.019B,2016-09,506.02M,-31.26M,-31.26M,339.80M,802.43M,6.347B,1.774B,1.377B,797.53M,291.52M,0,3.691B,1.736B,9.837B,20.03B,0.484M,5.834B,2.906B,10.20B,14.20B,7.291B,1.815B,494.61M,1.105B
BKNG,2016-06,135.44M,4.371B,0,0,758.27M,11.71,11.6,5.443B,0,0,2016-06,580.64M,-29.00M,-29.00M,320.45M,803.94M,7.255B,732.41M,1.451B,692.55M,111.91M,0,2.556B,1.620B,9.275B,19.69B,0.484M,5.914B,2.210B,10.41B,13.77B,8.203B,1.697B,431.87M,982.99M
BKNG,2016-03,297.76M,3.383B,0,0,535.54M,7.54,7.47,5.507B,0,0,2016-03,374.42M,-26.55M,-26.55M,299.84M,830.16M,6.321B,550.32M,1.452B,460.49M,86.07M,0,2.148B,1.396B,9.052B,18.33B,0.484M,4.865B,1.988B,9.282B,13.47B,7.295B,1.469B,334.78M,857.14M
BKNG,2015-12,244.85M,2.649B,120.61M,37.15M,434.88M,10.14,10,5.543B,535.13M,1.879B,2015-12,504.27M,-27.35M,-27.35M,274.79M,892.58M,6.158B,657.90M,1.004B,616.53M,112.26M,0,2.000B,1.151B,8.795B,17.42B,0.482M,3.553B,1.439B,8.625B,13.87B,7.186B,1.221B,322.84M,645.17M
BKNG,2015-09,-185.46M,3.053B,155.62M,37.78M,413.50M,23.67,23.41,5.590B,442.95M,2.947B,2015-09,1.197B,-26.75M,-26.75M,257.14M,952.39M,5.421B,1.489B,1.169B,1.456B,259.44M,0,3.103B,1.390B,8.527B,16.61B,0.482M,4.299B,1.583B,8.088B,12.32B,6.505B,1.459B,388.53M,890.53M
BKNG,2015-06,-43.12M,3.188B,187.49M,41.32M,660.27M,10.02,9.94,5.613B,312.79M,2.093B,2015-06,517.03M,-28.51M,-28.51M,246.10M,991.88M,5.400B,678.33M,1.271B,648.38M,131.34M,0,2.280B,1.347B,8.558B,17.03B,0.482M,4.693B,1.931B,8.469B,12.33B,6.538B,1.415B,367.22M,889.87M
BKNG,2015-03,-224.54M,4.635B,168.46M,97.71M,525.15M,6.42,6.36,5.610B,0,1.672B,2015-03,333.33M,-21.88M,-21.88M,214.86M,1.072B,5.304B,433.97M,1.178B,407.24M,73.92M,0,1.841B,1.173B,8.630B,16.84B,0.481M,5.967B,1.703B,8.212B,10.88B,6.509B,1.238B,567.32M,706.78M
BKNG,2014-12,-259.90M,4.291B,165.41M,151.93M,460.56M,8.65,8.54,5.661B,0,1.675B,2014-12,451.83M,-21.78M,-21.78M,198.95M,897.85M,3.824B,578.87M,881.00M,552.04M,100.21M,0,1.840B,1.024B,8.567B,14.77B,0.48M,5.114B,1.379B,6.204B,9.657B,4.825B,1.096B,281.48M,643.89M
BKNG,2014-09,-72.20M,6.237B,216.52M,538.27M,416.85M,20.27,20.03,5.658B,0,2.620B,2014-09,1.062B,-20.46M,-20.46M,203.79M,866.17M,3.887B,1.323B,1.135B,1.306B,243.34M,0,2.836B,1.240B,8.734B,15.18B,0.48M,7.304B,1.589B,6.450B,7.881B,4.861B,1.297B,525.44M,843.56M
BKNG,2014-06,78.34M,7.165B,240.58M,0,569.31M,11,10.89,2.882B,0,1.883B,2014-06,576.45M,-15.47M,-15.47M,168.68M,396.49M,1.764B,733.01M,896.62M,715.76M,139.31M,0,2.124B,1.110B,7.825B,11.60B,0.48M,8.509B,1.507B,3.775B,3.092B,2.268B,1.150B,340.90M,841.13M
BKNG,2014-03,92.75M,6.711B,235.33M,0,471.96M,6.35,6.25,2.770B,0,1.406B,2014-03,331.22M,-16.70M,-16.70M,149.37M,334.63M,1.753B,438.73M,861.33M,416.05M,84.84M,0,1.642B,929.37M,7.214B,10.81B,0.478M,7.856B,1.431B,3.600B,2.958B,2.169B,967.74M,299.41M,627.16M
BKNG,2013-12,84.73M,6.753B,207.85M,0,437.13M,7.32,7.14,2.788B,0,1.333B,2013-12,378.08M,-20.91M,-20.91M,135.05M,326.42M,1.742B,500.85M,792.69M,450.19M,72.11M,0,1.541B,795.33M,6.918B,10.44B,0.476M,7.481B,1.382B,3.526B,2.964B,2.144B,832.45M,247.34M,535.96M
BKNG,2013-09,39.76M,6.584B,280.84M,0,430.66M,16.22,15.72,2.800B,0,1.989B,2013-09,832.99M,-23.27M,-23.27M,119.77M,371.50M,1.731B,1.047B,856.92M,1.020B,187.36M,0,2.270B,906.42M,6.433B,10.45B,0.468M,7.489B,1.826B,4.012B,2.957B,2.186B,942.17M,312.90M,706.23M
BKNG,2013-06,-75.58M,5.945B,296.38M,532.21M,535.64M,8.62,8.39,2.790B,232.48M,1.384B,2013-06,437.33M,-18.49M,-18.49M,109.14M,387.30M,1.720B,554.83M,703.59M,535.56M,98.12M,8.548M,1.680B,803.00M,5.900B,9.867B,0.467M,6.926B,1.771B,3.967B,2.941B,2.195B,829.02M,316.25M,649.25M
BKNG,2013-03,-88.06M,5.182B,292.35M,526.23M,403.53M,4.89,4.76,693.43M,176.96M,1.010B,2013-03,244.27M,-16.46M,-16.46M,92.50M,41.47M,887.23M,309.84M,675.58M,290.44M,46.15M,8.239M,1.302B,680.75M,4.040B,6.855B,0.452M,6.030B,1.605B,2.816B,824.68M,1.210B,699.83M,250.55M,471.81M
BKNG,2012-12,-23.68M,5.183B,250.89M,520.34M,368.82M,5.79,5.63,730.78M,0,939.75M,2012-12,288.66M,-16.00M,-16.00M,89.27M,45.16M,882.00M,374.32M,572.56M,356.02M,66.43M,6.67M,1.191B,547.81M,3.952B,6.570B,0.45M,5.682B,1.462B,2.618B,887.37M,1.156B,565.44M,184.65M,367.51M
BKNG,2012-09,-62.87M,4.668B,309.81M,514.54M,343.30M,11.97,11.66,710.21M,0,1.397B,2012-09,596.59M,-16.16M,-16.16M,81.93M,46.30M,937.27M,755.59M,617.50M,731.17M,131.20M,0,1.706B,624.90M,3.578B,6.218B,0.45M,5.366B,1.475B,2.507B,852.08M,1.031B,640.91M,240.18M,493.78M
BKNG,2012-06,-107.65M,3.942B,322.62M,508.83M,384.52M,7.07,6.88,704.37M,0,1.004B,2012-06,352.35M,-15.88M,-15.88M,78.62M,45.24M,937.84M,458.36M,473.29M,445.68M,93.02M,0,1.327B,530.12M,2.928B,5.429B,0.45M,4.578B,1.367B,2.391B,850.51M,1.024B,545.79M,201.20M,429.52M
BKNG,2012-03,-51.11M,3.619B,293.96M,503.19M,314.84M,3.65,3.54,731.69M,0,743.29M,2012-03,181.97M,-10.16M,-10.16M,73.52M,45.72M,938.38M,241.53M,472.20M,229.00M,47.18M,0,1.037B,485.92M,2.592B,5.093B,0.449M,4.203B,1.290B,2.318B,889.76M,1.028B,501.76M,173.98M,324.56M
BKNG,2011-12,-87.58M,2.658B,266.07M,497.64M,239.16M,4.53,4.4,704.94M,0,724.70M,2011-12,225.72M,-6.288M,-6.288M,64.32M,46.99M,82.83M,303.78M,369.00M,298.66M,72.70M,0,990.77M,430.64M,2.652B,3.971B,0.446M,3.067B,1.106B,1.319B,903.83M,213.22M,420.92M,146.87M,264.45M
BKNG,2011-09,-59.84M,2.405B,352.66M,492.17M,213.80M,9.43,9.17,720.85M,0,1.100B,2011-09,469.50M,-5.353M,-5.353M,53.84M,47.45M,88.22M,616.38M,475.29M,611.85M,138.97M,0,1.453B,461.26M,2.390B,3.816B,0.446M,2.882B,1.181B,1.349B,933.60M,167.40M,483.77M,169.54M,345.34M
BKNG,2011-06,19.48M,1.949B,353.49M,486.78M,243.73M,5.16,5.02,758.48M,0,749.23M,2011-06,256.37M,-5.666M,-5.666M,49.35M,54.68M,93.57M,324.71M,395.68M,316.59M,60.31M,0,1.103B,402.63M,1.990B,3.360B,0.446M,2.376B,1.126B,1.303B,983.64M,176.76M,424.52M,127.79M,321.36M
BKNG,2011-03,10.36M,1.746B,303.51M,481.64M,166.80M,2.12,2.05,759.86M,0,505.81M,2011-03,104.79M,-6.294M,-6.294M,44.39M,55.94M,0,154.06M,438.25M,140.69M,36.68M,0,809.32M,332.60M,1.724B,3.065B,0.445M,2.106B,1.087B,1.283B,959.68M,196.72M,351.75M,115.51M,221.98M
