Ticker,Date,Accrued Comprehensive Inc,Cash and Short Term Investments,Cost of Goods Sold,Current Debt & Capital Lease Obligation,Current Deferred Liabilities,EPS Basic,EPS Diluted,Goodwill and Intangibles,Gross PP&E,Gross Profit,Income (Quarterly),Inventories,Net Income,Net Non-Operating Interest Income Expense,Net Operating Interest Income,Net PP&E,Non-Current Deferred Liabilities,Non-Current Portion of LTD and Capital Lease Obligation,Operating Income,Payables and Accrued Expenses,Pre-Tax Income,Provision for Income Taxes,Research and Development Expense,Revenue,SG&A Expense,Shareholders Equity,Total Assets,Total Capital Stock,Total Current Assets,Total Current Liabilities,Total Liabilities,Total Long Term Assets,Total Long Term Liabilities,Total Operating Expenses,Total Payables,Total Receivables
BMY,2020-12,-1.839B,16.45B,2.91B,2.504B,86.00M,-4.45,-4.45,73.79B,10.33B,8.158B,2020-12,2.074B,-10.03B,-355.00M,-355.00M,6.745B,6.108B,49.17B,-839.00M,4.923B,-10.45B,-424.00M,3.75B,11.07B,2.721B,37.82B,118.48B,292.00M,30.19B,19.08B,80.60B,88.29B,61.52B,8.997B,4.489B,8.501B
BMY,2020-09,-1.699B,21.28B,2.502B,3.721B,92.00M,0.83,0.82,77.22B,10.12B,8.038B,2020-09,1.949B,1.872B,-346.00M,-346.00M,6.458B,6.575B,42.09B,1.342B,4.55B,2.257B,379.00M,2.499B,10.54B,1.706B,50.16B,125.54B,292.00M,34.28B,20.46B,75.31B,91.26B,54.84B,6.696B,4.17B,8.062B
BMY,2020-06,-1.556B,21.79B,2.699B,4.954B,103.00M,-0.04,-0.04,79.75B,9.313B,7.43B,2020-06,2.384B,-85.00M,-357.00M,-357.00M,5.777B,6.819B,42.56B,891.00M,6.594B,1.627B,1.707B,2.522B,10.13B,1.628B,49.09B,128.08B,292.00M,34.34B,23.42B,78.92B,93.73B,55.50B,6.539B,6.161B,7.855B
BMY,2020-03,-1.549B,18.32B,3.662B,3.998B,93.00M,-0.34,-0.34,84.12B,9.553B,7.119B,2020-03,2.836B,-775.00M,-362.00M,-362.00M,6.112B,7.179B,43.53B,783.00M,6.495B,-304.00M,462.00M,2.372B,10.78B,1.606B,49.91B,129.28B,292.00M,31.85B,19.23B,79.31B,97.43B,60.08B,6.336B,6.102B,8.29B
BMY,2019-12,-1.52B,15.39B,2.492B,3.479B,0,-0.55,-0.55,86.46B,10.91B,5.453B,2019-12,4.293B,-1.056B,-279.00M,-279.00M,6.956B,7.165B,44.06B,560.00M,5.48B,-129.00M,931.00M,2.097B,7.945B,1.734B,51.60B,129.94B,292.00M,29.35B,18.30B,78.25B,100.59B,59.94B,4.893B,4.987B,7.685B
BMY,2019-09,-1.463B,32.54B,1.79B,635.00M,0,0.83,0.83,7.515B,8.787B,4.217B,2019-09,1.192B,1.353B,-209.00M,-209.00M,4.83B,448.00M,24.39B,1.759B,8.843B,1.349B,-17.00M,1.378B,6.007B,1.055B,17.65B,57.43B,221.00M,40.19B,10.49B,39.68B,17.24B,29.19B,2.458B,3.102B,5.51B
BMY,2019-06,-2.621B,29.36B,1.972B,612.00M,0,0.88,0.87,7.528B,8.694B,4.301B,2019-06,1.308B,1.432B,-123.00M,-123.00M,4.849B,718.00M,24.43B,1.876B,8.126B,1.776B,337.00M,1.325B,6.273B,1.076B,16.05B,55.16B,221.00M,37.72B,9.711B,39.01B,17.45B,29.30B,2.425B,3.036B,5.667B
BMY,2019-03,-2.644B,8.764B,1.824B,421.00M,0,1.05,1.04,7.562B,8.911B,4.096B,2019-03,1.283B,1.71B,-45.00M,-45.00M,4.985B,486.00M,5.635B,1.718B,7.786B,1.979B,264.00M,1.348B,5.92B,1.006B,15.22B,34.83B,221.00M,17.09B,8.841B,19.52B,17.74B,10.68B,2.378B,3.172B,5.704B
BMY,2018-12,-2.762B,8.759B,1.61B,1.703B,0,0.73,0.73,7.629B,8.845B,4.363B,2018-12,1.195B,1.16B,-48.00M,-48.00M,5.027B,0,5.646B,1.563B,3.028B,1.505B,347.00M,1.367B,5.973B,1.336B,14.03B,34.99B,221.00M,17.72B,10.65B,20.86B,17.27B,10.20B,2.80B,2.959B,5.747B
BMY,2018-09,-2.326B,6.83B,1.648B,1.62B,0,1.16,1.16,7.793B,9.176B,4.043B,2018-09,1.282B,1.901B,-44.00M,-44.00M,5.092B,0,5.687B,1.659B,7.183B,2.167B,255.00M,1.28B,5.691B,1.104B,13.64B,33.73B,221.00M,14.87B,9.694B,19.98B,18.86B,10.29B,2.384B,2.781B,5.871B
BMY,2018-06,-2.334B,6.075B,1.625B,1.716B,88.00M,0.23,0.23,7.773B,9.111B,4.079B,2018-06,1.242B,373.00M,-45.00M,-45.00M,5.08B,501.00M,5.671B,513.00M,7.468B,517.00M,135.00M,2.435B,5.704B,1.131B,12.32B,32.64B,221.00M,13.87B,9.878B,20.22B,18.77B,10.34B,3.566B,2.899B,5.559B
BMY,2018-03,-2.234B,6.77B,1.584B,1.925B,117.00M,0.91,0.91,7.979B,9.159B,3.609B,2018-03,1.231B,1.486B,-46.00M,-46.00M,5.06B,447.00M,5.775B,1.379B,7.145B,1.779B,284.00M,1.25B,5.193B,980.00M,12.79B,33.08B,221.00M,14.65B,9.624B,20.18B,18.43B,10.55B,2.23B,2.675B,5.683B
BMY,2017-12,-2.289B,6.812B,1.601B,987.00M,83.00M,-1.41,-1.41,8.073B,8.987B,3.848B,2017-12,1.166B,-2.328B,-51.00M,-51.00M,5.001B,454.00M,6.975B,510.00M,7.584B,698.00M,3.027B,1.925B,5.449B,1.316B,11.74B,33.55B,221.00M,14.85B,9.563B,21.70B,18.70B,12.14B,3.338B,3.133B,6.30B
BMY,2017-09,-2.421B,7.122B,1.579B,1.461B,647.00M,0.52,0.51,8.078B,9.265B,3.675B,2017-09,1.25B,845.00M,-48.00M,-48.00M,5.014B,492.00M,6.982B,951.00M,6.587B,1.183B,327.00M,1.561B,5.254B,1.163B,14.78B,33.98B,221.00M,15.05B,9.438B,19.06B,18.93B,9.625B,2.724B,2.551B,5.922B
BMY,2017-06,-2.467B,6.505B,1.569B,1.306B,737.00M,0.56,0.56,8.106B,9.116B,3.575B,2017-06,1.217B,916.00M,-52.00M,-52.00M,4.944B,512.00M,6.911B,709.00M,6.433B,1.295B,373.00M,1.679B,5.144B,1.187B,14.70B,33.41B,221.00M,14.32B,9.017B,18.59B,19.08B,9.571B,2.866B,2.483B,5.782B
BMY,2017-03,-2.414B,6.109B,1.265B,1.197B,837.00M,0.95,0.94,8.151B,9.321B,3.664B,2017-03,1.384B,1.574B,-45.00M,-45.00M,5.02B,528.00M,7.237B,1.276B,6.058B,1.955B,429.00M,1.303B,4.929B,1.085B,14.42B,32.94B,221.00M,13.62B,8.494B,18.40B,19.32B,9.908B,2.388B,2.329B,5.494B
BMY,2016-12,-2.503B,6.35B,1.406B,992.00M,762.00M,0.53,0.53,8.26B,9.173B,3.837B,2016-12,1.241B,894.00M,-40.00M,-40.00M,4.98B,547.00M,5.716B,902.00M,6.225B,1.086B,188.00M,1.472B,5.243B,1.463B,16.18B,33.71B,221.00M,13.70B,8.841B,17.36B,20.00B,8.519B,2.935B,2.476B,5.543B
BMY,2016-09,-2.735B,5.56B,1.305B,990.00M,1.323B,0.72,0.72,8.252B,8.931B,3.617B,2016-09,1.482B,1.202B,-42.00M,-42.00M,4.79B,567.00M,5.836B,1.316B,5.921B,1.559B,344.00M,1.138B,4.922B,1.163B,15.61B,33.73B,221.00M,13.20B,8.996B,17.95B,20.52B,8.95B,2.301B,2.361B,5.597B
BMY,2016-06,-2.804B,4.651B,1.206B,155.00M,1.182B,0.7,0.69,8.254B,8.946B,3.665B,2016-06,1.437B,1.166B,-42.00M,-42.00M,4.597B,586.00M,6.581B,1.136B,5.897B,1.615B,427.00M,1.266B,4.871B,1.263B,14.92B,32.83B,221.00M,12.30B,7.885B,17.75B,20.53B,9.868B,2.529B,2.31B,5.622B
BMY,2016-03,-2.693B,4.307B,1.052B,106.00M,1.165B,0.72,0.71,8.255B,8.757B,3.339B,2016-03,1.336B,1.195B,-43.00M,-43.00M,4.455B,606.00M,6.593B,1.113B,5.894B,1.655B,449.00M,1.136B,4.391B,1.09B,14.39B,31.89B,221.00M,11.22B,7.597B,17.34B,20.68B,9.744B,2.226B,2.657B,4.957B
BMY,2015-12,-2.468B,4.27B,952.00M,139.00M,1.003B,-0.08,-0.08,8.30B,8.631B,3.335B,2015-12,1.221B,-197.00M,-43.00M,-43.00M,4.412B,586.00M,6.55B,-131.00M,5.924B,-410.00M,-222.00M,1.916B,4.287B,1.55B,14.27B,31.75B,221.00M,10.42B,8.017B,17.32B,21.33B,9.307B,3.466B,2.792B,4.299B
BMY,2015-09,-2.395B,5.413B,1.097B,642.00M,963.00M,0.42,0.42,8.496B,8.467B,2.972B,2015-09,1.13B,706.00M,-41.00M,-41.00M,4.249B,630.00M,6.632B,616.00M,5.553B,987.00M,257.00M,1.132B,4.069B,1.224B,15.08B,31.78B,221.00M,12.93B,7.158B,16.51B,18.85B,9.348B,2.356B,2.064B,3.908B
BMY,2015-06,-2.173B,5.476B,1.013B,755.00M,939.00M,-0.08,-0.08,8.539B,9.154B,3.15B,2015-06,1.304B,-130.00M,-49.00M,-49.00M,4.363B,667.00M,6.615B,123.00M,5.741B,52.00M,162.00M,1.856B,4.163B,1.171B,15.12B,31.95B,221.00M,13.06B,7.435B,16.66B,18.90B,9.228B,3.027B,2.571B,3.672B
BMY,2015-03,-2.416B,7.607B,847.00M,330.00M,1.459B,0.71,0.71,8.733B,8.99B,3.194B,2015-03,1.437B,1.186B,-51.00M,-51.00M,4.323B,697.00M,7.127B,1.122B,5.90B,1.448B,249.00M,1.016B,4.041B,1.056B,15.55B,33.58B,221.00M,14.92B,7.689B,17.89B,18.65B,10.20B,2.072B,3.199B,3.458B
BMY,2014-12,-2.425B,7.435B,966.00M,590.00M,1.167B,0.01,0.01,8.78B,9.066B,3.292B,2014-12,1.56B,13.00M,-53.00M,-53.00M,4.417B,770.00M,7.242B,-1.00M,5.765B,-60.00M,-87.00M,1.189B,4.258B,2.104B,14.85B,33.75B,221.00M,14.61B,8.461B,18.77B,19.14B,10.30B,3.293B,3.394B,3.39B
BMY,2014-09,-2.605B,7.221B,1.007B,401.00M,995.00M,0.43,0.43,8.764B,8.962B,2.914B,2014-09,1.565B,721.00M,-50.00M,-50.00M,4.387B,903.00M,7.267B,703.00M,6.707B,1.008B,276.00M,983.00M,3.921B,1.228B,15.14B,33.45B,221.00M,14.18B,8.103B,18.25B,19.27B,10.15B,2.211B,3.503B,3.321B
BMY,2014-06,-2.225B,7.175B,991.00M,365.00M,1.09B,0.2,0.2,8.889B,8.936B,2.898B,2014-06,1.666B,333.00M,-46.00M,-46.00M,4.438B,1.104B,7.372B,299.00M,6.343B,448.00M,114.00M,1.416B,3.889B,1.183B,15.33B,33.50B,221.00M,14.06B,7.798B,18.12B,19.44B,10.33B,2.599B,3.23B,3.315B
BMY,2014-03,-2.267B,7.059B,968.00M,281.00M,1.061B,0.57,0.56,9.254B,8.856B,2.843B,2014-03,1.655B,937.00M,-54.00M,-54.00M,4.485B,1.142B,7.367B,713.00M,6.179B,985.00M,49.00M,946.00M,3.811B,1.184B,15.47B,33.42B,221.00M,14.01B,7.521B,17.89B,19.41B,10.37B,2.13B,3.291B,3.316B
BMY,2013-12,-2.141B,4.525B,1.273B,359.00M,756.00M,0.44,0.44,9.414B,8.843B,3.168B,2013-12,1.498B,726.00M,-53.00M,-53.00M,4.579B,769.00M,7.981B,862.00M,5.612B,869.00M,134.00M,957.00M,4.441B,1.349B,15.15B,38.59B,221.00M,18.92B,12.44B,23.36B,19.68B,10.92B,2.306B,3.353B,3.36B
BMY,2013-09,-2.312B,2.722B,1.175B,680.00M,1.003B,0.42,0.42,15.82B,9.514B,2.89B,2013-09,1.64B,692.00M,-46.00M,-46.00M,5.236B,5.102B,6.532B,786.00M,6.596B,818.00M,126.00M,893.00M,4.065B,1.211B,14.73B,36.80B,221.00M,10.63B,8.279B,22.09B,26.18B,13.81B,2.104B,3.285B,3.673B
BMY,2013-06,-2.52B,2.799B,1.108B,764.00M,986.00M,0.33,0.32,16.02B,9.393B,2.94B,2013-06,1.785B,536.00M,-50.00M,-50.00M,5.228B,4.964B,6.442B,628.00M,6.604B,530.00M,0,951.00M,4.048B,1.361B,14.37B,36.25B,221.00M,10.49B,8.354B,21.88B,25.77B,13.52B,2.312B,3.164B,3.406B
BMY,2013-03,-3.131B,2.533B,1.063B,1.372B,772.00M,0.37,0.37,16.22B,9.373B,2.768B,2013-03,1.791B,609.00M,-50.00M,-50.00M,5.259B,4.574B,6.522B,655.00M,6.27B,674.00M,51.00M,930.00M,3.831B,1.183B,13.66B,35.96B,221.00M,10.08B,8.414B,22.26B,25.88B,13.84B,2.113B,2.956B,3.308B
BMY,2012-12,-3.202B,2.829B,1.075B,826.00M,825.00M,0.56,0.56,16.41B,9.383B,3.116B,2012-12,1.657B,925.00M,-51.00M,-51.00M,5.333B,4.407B,6.568B,524.00M,5.735B,513.00M,-411.00M,1.082B,4.191B,1.51B,13.62B,35.90B,221.00M,9.521B,8.279B,22.26B,26.38B,13.98B,2.592B,3.001B,3.083B
BMY,2012-09,-2.944B,2.93B,987.00M,751.00M,689.00M,-0.43,-0.43,16.72B,9.282B,2.749B,2012-09,1.697B,-711.00M,-48.00M,-48.00M,5.297B,4.754B,6.608B,557.00M,6.755B,-1.259B,-546.00M,951.00M,3.736B,1.241B,13.90B,36.04B,221.00M,9.278B,8.195B,22.14B,26.77B,13.95B,2.192B,2.874B,2.889B
BMY,2012-06,-2.967B,5.037B,1.245B,236.00M,357.00M,0.38,0.38,11.37B,8.401B,3.198B,2012-06,1.521B,645.00M,-41.00M,-41.00M,4.478B,805.00M,5.209B,1.008B,6.398B,1.059B,251.00M,962.00M,4.443B,1.228B,16.10B,31.67B,221.00M,11.01B,6.991B,15.86B,20.65B,8.864B,2.19B,2.87B,2.825B
BMY,2012-03,-3.018B,5.029B,1.303B,145.00M,287.00M,0.65,0.64,11.62B,8.445B,3.948B,2012-03,1.463B,1.101B,-42.00M,-42.00M,4.512B,836.00M,5.27B,1.843B,6.779B,2.027B,545.00M,909.00M,5.251B,1.196B,16.34B,32.41B,221.00M,11.76B,7.211B,16.16B,20.64B,8.951B,2.105B,3.14B,3.613B
BMY,2011-12,-3.045B,8.733B,1.367B,115.00M,337.00M,0.51,0.5,8.71B,8.381B,4.087B,2011-12,1.384B,852.00M,-111.00M,-111.00M,4.521B,973.00M,5.376B,1.568B,6.499B,1.594B,363.00M,1.008B,5.454B,1.511B,15.96B,32.97B,220.00M,15.32B,7.78B,17.10B,17.65B,9.323B,2.519B,3.367B,3.743B
BMY,2011-09,-2.282B,8.193B,1.407B,182.00M,321.00M,0.57,0.56,8.76B,8.295B,3.938B,2011-09,1.357B,969.00M,-17.00M,-17.00M,4.492B,860.00M,5.437B,1.741B,6.81B,1.83B,475.00M,973.00M,5.345B,1.224B,16.57B,32.01B,220.00M,14.87B,7.313B,15.58B,17.14B,8.265B,2.197B,3.053B,3.687B
BMY,2011-06,-2.389B,7.67B,1.481B,187.00M,283.00M,0.53,0.52,8.455B,8.343B,3.953B,2011-06,1.492B,902.00M,-32.00M,-32.00M,4.554B,923.00M,5.332B,1.737B,6.94B,1.79B,483.00M,923.00M,5.434B,1.293B,16.35B,31.83B,220.00M,14.78B,7.41B,15.69B,17.06B,8.278B,2.216B,3.145B,4.059B
BMY,2011-03,-2.414B,6.793B,1.343B,135.00M,347.00M,0.58,0.57,8.532B,8.32B,3.668B,2011-03,1.322B,986.00M,-31.00M,-31.00M,4.604B,899.00M,5.276B,1.591B,6.273B,1.767B,400.00M,935.00M,5.011B,1.142B,16.00B,30.85B,220.00M,13.30B,6.755B,14.95B,17.56B,8.195B,2.077B,2.677B,3.587B
