Ticker,Date,Accrued Comprehensive Inc,Cash and Short Term Investments,Cost of Goods Sold,Current Debt & Capital Lease Obligation,Current Deferred Liabilities,EPS Basic,EPS Diluted,Goodwill and Intangibles,Gross PP&E,Gross Profit,Income (Quarterly),Net Income,Net Non-Operating Interest Income Expense,Net Operating Interest Income,Net PP&E,Non-Current Deferred Liabilities,Non-Current Portion of LTD and Capital Lease Obligation,Operating Income,Payables and Accrued Expenses,Pre-Tax Income,Provision for Income Taxes,Revenue,SG&A Expense,Shareholders Equity,Total Assets,Total Capital Stock,Total Current Assets,Total Current Liabilities,Total Liabilities,Total Long Term Assets,Total Long Term Liabilities,Total Operating Expenses,Total Payables,Total Receivables
BR,2020-12,-57.10M,365.60M,806.50M,40.20M,182.00M,0.49,0.48,2.249B,423.00M,248.40M,2020-12,56.30M,-11.10M,-11.10M,423.00M,316.70M,2.028B,79.40M,384.30M,69.40M,13.10M,1.055B,169.00M,1.434B,4.858B,1.60M,1.148B,837.90M,3.424B,3.710B,2.586B,169.00M,260.40M,625.00M
BR,2020-09,-62.90M,356.60M,787.10M,40.70M,148.30M,0.57,0.56,2.262B,426.20M,230.30M,2020-09,65.80M,-14.40M,-14.40M,426.20M,307.30M,2.045B,78.60M,398.40M,73.60M,7.80M,1.017B,151.70M,1.414B,4.750B,1.60M,1.12B,744.00M,3.336B,3.630B,2.592B,151.70M,277.20M,619.10M
BR,2020-06,-100.40M,476.60M,884.20M,435.20M,155.70M,2,1.97,2.258B,761.20M,477.70M,2020-06,229.70M,-15.70M,-15.70M,454.20M,302.20M,1.676B,298.80M,490.00M,294.70M,65.00M,1.362B,178.90M,1.347B,4.890B,1.60M,1.328B,1.341B,3.543B,3.562B,2.202B,178.90M,321.10M,711.30M
BR,2020-03,-67.20M,402.00M,872.50M,432.10M,175.40M,1.46,1.43,2.316B,451.50M,377.40M,2020-03,166.80M,-16.20M,-16.20M,451.50M,272.50M,1.974B,226.30M,434.40M,210.50M,43.60M,1.250B,151.10M,1.203B,4.914B,1.60M,1.361B,1.255B,3.711B,3.553B,2.456B,151.10M,306.50M,814.70M
BR,2019-12,-67.70M,234.00M,780.90M,429.40M,151.80M,0.09,0.09,2.272B,373.30M,187.80M,2019-12,10.10M,-13.90M,-13.90M,373.30M,249.20M,1.672B,26.80M,370.00M,10.50M,0.40M,968.70M,161.00M,1.125B,4.385B,1.60M,1.011B,1.125B,3.259B,3.374B,2.134B,161.00M,257.60M,616.00M
BR,2019-09,-79.50M,358.30M,727.50M,429.30M,148.70M,0.49,0.48,2.042B,414.30M,221.10M,2019-09,55.90M,-13.20M,-13.20M,414.30M,250.70M,1.584B,73.10M,321.60M,63.80M,7.90M,948.60M,148.00M,1.144B,4.220B,1.60M,1.095B,1.041B,3.076B,3.125B,2.036B,148.00M,211.10M,600.70M
BR,2019-06,-71.20M,273.20M,811.60M,0,125.70M,1.59,1.55,2.056B,612.80M,399.60M,2019-06,183.30M,-11.30M,-11.30M,188.90M,247.40M,1.470B,240.80M,444.70M,230.10M,46.80M,1.211B,158.80M,1.128B,3.881B,1.60M,1.042B,802.60M,2.753B,2.838B,1.950B,158.80M,304.60M,664.00M
BR,2019-03,-64.10M,292.10M,847.30M,0,146.10M,1.49,1.45,1.684B,183.40M,377.50M,2019-03,172.20M,-10.00M,-10.00M,183.40M,259.50M,1.174B,233.60M,369.30M,223.60M,51.40M,1.225B,143.90M,1.266B,3.602B,1.60M,1.195B,705.20M,2.336B,2.407B,1.631B,143.90M,290.20M,792.80M
BR,2018-12,-69.20M,249.70M,734.00M,0,130.90M,0.43,0.42,1.700B,187.90M,219.40M,2018-12,49.90M,-10.70M,-10.70M,187.90M,243.20M,1.194B,78.20M,317.80M,64.30M,14.40M,953.40M,141.20M,1.123B,3.358B,1.60M,966.40M,597.90M,2.235B,2.391B,1.637B,141.20M,267.30M,607.40M
BR,2018-09,-63.50M,204.60M,739.00M,0,137.80M,0.66,0.64,1.729B,192.50M,233.80M,2018-09,76.70M,-9.60M,-9.60M,192.50M,222.80M,1.144B,100.10M,309.00M,89.30M,12.60M,972.80M,133.70M,1.234B,3.382B,1.60M,967.90M,573.20M,2.148B,2.414B,1.574B,133.70M,255.20M,650.10M
BR,2018-06,-51.90M,263.80M,869.60M,125.00M,145.50M,1.76,1.72,1.749B,596.20M,450.80M,2018-06,206.80M,-10.00M,-10.00M,204.00M,133.10M,1.053B,266.10M,359.50M,258.00M,51.20M,1.320B,184.70M,1.094B,3.305B,1.60M,991.10M,777.30M,2.210B,2.314B,1.433B,184.70M,274.30M,615.00M
BR,2018-03,-34.60M,352.10M,802.50M,124.90M,237.60M,0.93,0.9,1.722B,197.90M,269.40M,2018-03,109.10M,-9.00M,-9.00M,197.90M,120.30M,1.203B,130.80M,280.40M,125.20M,16.20M,1.072B,138.60M,1.162B,3.485B,1.60M,1.203B,767.30M,2.323B,2.282B,1.556B,138.60M,212.40M,714.10M
BR,2017-12,-38.40M,366.50M,769.30M,124.90M,124.30M,0.53,0.52,1.657B,202.50M,243.50M,2017-12,62.10M,-10.20M,-10.20M,202.50M,135.90M,1.223B,115.80M,267.10M,103.50M,41.40M,1.013B,127.70M,1.074B,3.250B,1.60M,1.051B,585.90M,2.176B,2.199B,1.590B,127.70M,216.40M,575.10M
BR,2017-09,-37.10M,288.80M,726.00M,124.80M,156.20M,0.43,0.42,1.647B,207.60M,198.80M,2017-09,49.90M,-9.40M,-9.40M,207.60M,133.60M,1.292B,85.30M,284.50M,74.30M,24.40M,924.80M,113.50M,1.038B,3.224B,1.60M,1.034B,609.40M,2.187B,2.190B,1.577B,113.50M,231.20M,624.40M
BR,2017-06,-55.80M,271.10M,908.40M,0,121.90M,1.6,1.57,1.646B,567.10M,437.40M,2017-06,187.10M,-10.80M,-10.80M,198.10M,156.30M,1.102B,299.50M,364.80M,284.60M,97.60M,1.346B,137.90M,1.004B,3.150B,1.60M,989.60M,745.00M,2.146B,2.160B,1.401B,137.90M,285.30M,589.50M
BR,2017-03,-60.50M,269.50M,773.70M,0,243.80M,0.64,0.63,1.645B,169.50M,235.20M,2017-03,75.90M,-10.80M,-10.80M,169.50M,145.70M,1.142B,109.70M,312.10M,106.30M,30.40M,1.009B,125.50M,942.40M,3.242B,1.60M,1.118B,886.00M,2.300B,2.124B,1.414B,125.50M,257.90M,661.20M
BR,2016-12,-60.90M,235.70M,707.80M,0,115.60M,0.25,0.25,1.626B,145.50M,184.80M,2016-12,30.10M,-10.70M,-10.70M,145.50M,144.40M,1.081B,58.80M,227.90M,45.70M,15.60M,892.60M,126.00M,985.90M,2.967B,1.60M,899.40M,638.20M,1.981B,2.068B,1.343B,126.00M,196.50M,515.50M
BR,2016-09,-48.90M,227.40M,717.90M,0,113.10M,0.28,0.28,1.628B,130.70M,177.40M,2016-09,33.70M,-10.30M,-10.30M,130.70M,131.00M,1.001B,66.10M,239.70M,51.50M,17.90M,895.30M,111.30M,1.051B,2.942B,1.60M,885.80M,641.70M,1.891B,2.056B,1.249B,111.30M,187.50M,499.40M
BR,2016-06,-38.20M,727.70M,586.30M,0,82.70M,1.44,1.4,1.210B,520.70M,388.20M,2016-06,170.10M,-6.60M,-6.60M,112.30M,131.90M,890.70M,270.30M,283.40M,262.50M,92.50M,974.50M,117.90M,1.046B,2.873B,1.60M,1.289B,692.80M,1.827B,1.584B,1.134B,117.90M,218.00M,453.40M
BR,2016-03,-47.70M,354.40M,486.50M,0,166.00M,0.54,0.52,1.155B,108.20M,202.30M,2016-03,63.70M,-6.50M,-6.50M,108.20M,117.70M,819.50M,100.60M,237.70M,93.40M,29.70M,688.80M,101.70M,902.60M,2.524B,1.60M,1.004B,581.30M,1.621B,1.520B,1.040B,101.70M,187.10M,503.80M
BR,2015-12,-38.00M,305.10M,464.50M,0,67.50M,0.34,0.33,1.167B,106.00M,174.40M,2015-12,40.20M,-6.50M,-6.50M,106.00M,128.00M,754.50M,70.20M,205.70M,61.30M,21.10M,638.90M,104.20M,941.60M,2.354B,1.60M,828.20M,428.60M,1.412B,1.525B,983.40M,104.20M,168.80M,409.80M
BR,2015-09,-32.90M,286.30M,438.60M,0,77.50M,0.28,0.28,1.158B,100.40M,156.10M,2015-09,33.50M,-6.30M,-6.30M,100.40M,128.80M,734.40M,59.00M,210.90M,51.70M,18.10M,594.70M,97.10M,924.30M,2.300B,1.60M,795.50M,413.00M,1.375B,1.504B,962.20M,97.10M,175.30M,410.80M
BR,2015-06,-20.90M,324.10M,555.10M,0,72.60M,1.38,1.35,1.166B,493.20M,374.50M,2015-06,165.90M,-6.00M,-6.00M,97.30M,136.90M,689.40M,261.70M,239.20M,255.40M,89.50M,929.60M,112.80M,927.80M,2.368B,1.60M,861.40M,508.90M,1.440B,1.507B,931.40M,112.80M,175.80M,444.50M
BR,2015-03,-22.20M,310.10M,452.60M,0,161.90M,0.45,0.43,1.026B,81.40M,181.60M,2015-03,54.00M,-5.60M,-5.60M,81.40M,117.40M,629.30M,89.00M,224.00M,81.90M,27.90M,634.20M,92.60M,898.70M,2.281B,1.60M,932.00M,530.70M,1.382B,1.349B,851.80M,92.60M,174.20M,486.40M
BR,2014-12,-5.50M,314.10M,414.00M,0,59.30M,0.29,0.28,999.00M,82.20M,160.60M,2014-12,34.70M,-5.40M,-5.40M,82.20M,127.20M,524.30M,59.10M,173.20M,51.60M,16.90M,574.60M,101.50M,982.70M,2.100B,1.60M,780.40M,359.70M,1.117B,1.319B,757.40M,101.50M,138.60M,366.60M
BR,2014-09,5.70M,331.30M,406.50M,0,65.10M,0.27,0.26,976.80M,84.50M,149.30M,2014-09,32.50M,-5.60M,-5.60M,84.50M,116.10M,524.20M,57.10M,195.50M,50.00M,17.50M,555.80M,92.20M,971.00M,2.079B,1.60M,775.60M,364.00M,1.108B,1.303B,743.60M,92.20M,159.00M,361.10M
BR,2014-06,10.30M,347.60M,551.20M,0,61.50M,1.17,1.13,986.10M,452.50M,334.70M,2014-06,140.20M,-6.30M,-6.30M,88.30M,121.40M,524.10M,211.40M,238.00M,206.60M,66.40M,885.90M,123.30M,961.70M,2.192B,1.60M,880.60M,484.40M,1.230B,1.312B,746.00M,123.30M,176.00M,424.80M
BR,2014-03,7.80M,244.40M,427.60M,0,148.30M,0.42,0.41,991.70M,87.20M,178.70M,2014-03,50.80M,-5.50M,-5.50M,87.20M,115.50M,524.10M,83.10M,211.40M,76.90M,26.10M,606.30M,95.60M,898.90M,2.130B,1.60M,814.20M,493.70M,1.231B,1.316B,737.30M,95.60M,178.10M,426.30M
BR,2013-12,8.10M,240.30M,385.10M,0,55.10M,0.23,0.22,933.80M,87.00M,135.50M,2013-12,27.60M,-5.70M,-5.70M,87.00M,117.40M,524.10M,49.50M,160.00M,42.70M,15.10M,520.60M,86.00M,857.50M,1.939B,1.60M,687.20M,343.90M,1.082B,1.252B,737.60M,86.00M,134.20M,336.00M
BR,2013-09,2.50M,183.10M,397.50M,0,55.80M,0.37,0.36,934.60M,82.10M,147.70M,2013-09,44.40M,-4.40M,-4.40M,82.10M,112.90M,524.00M,74.20M,186.60M,69.30M,24.90M,545.20M,73.50M,838.00M,1.907B,1.60M,656.60M,338.10M,1.069B,1.251B,731.10M,73.50M,162.30M,372.20M
BR,2013-06,4.20M,266.00M,564.00M,400.00M,49.20M,1.12,1.09,899.00M,424.50M,301.10M,2013-06,134.60M,-3.10M,-3.10M,80.90M,111.40M,524.50M,206.60M,265.10M,202.20M,67.60M,865.10M,94.50M,816.00M,2.018B,1.60M,807.00M,469.50M,1.202B,1.211B,732.70M,94.50M,215.90M,442.40M
BR,2013-03,2.80M,182.20M,426.20M,440.00M,127.70M,0.36,0.35,899.70M,80.90M,150.50M,2013-03,43.40M,-3.10M,-3.10M,80.90M,96.30M,524.50M,71.50M,191.80M,67.70M,24.30M,576.70M,79.00M,771.00M,1.922B,1.50M,711.30M,449.20M,1.151B,1.211B,701.70M,79.00M,164.20M,412.20M
BR,2012-12,9.20M,259.10M,387.60M,0,48.40M,0.13,0.13,909.40M,76.50M,105.60M,2012-12,15.80M,-3.00M,-3.00M,76.50M,98.00M,524.40M,28.40M,155.40M,24.70M,8.90M,493.20M,77.20M,783.40M,1.856B,1.50M,653.60M,344.40M,1.073B,1.203B,728.40M,77.20M,134.60M,305.20M
BR,2012-09,8.30M,211.80M,390.00M,0,50.60M,0.15,0.14,917.00M,418.90M,105.80M,2012-09,18.30M,-3.00M,-3.00M,76.30M,98.00M,524.40M,32.90M,170.40M,28.60M,10.30M,495.80M,72.90M,789.50M,1.830B,1.50M,620.90M,313.60M,1.041B,1.210B,727.40M,72.90M,129.30M,321.40M
BR,2012-06,3.50M,320.50M,528.90M,0,47.50M,0.67,0.65,923.30M,404.60M,271.40M,2012-06,83.40M,-3.20M,-3.20M,79.00M,101.50M,524.40M,180.30M,203.60M,135.30M,51.90M,800.30M,91.10M,850.50M,1.988B,1.50M,777.40M,410.30M,1.137B,1.210B,726.80M,91.10M,165.00M,370.70M
BR,2012-03,11.60M,218.80M,420.80M,0,136.70M,0.14,0.13,943.30M,0,126.20M,2012-03,16.70M,-3.00M,-3.00M,78.50M,103.40M,564.30M,55.60M,156.20M,28.80M,10.70M,547.00M,70.60M,800.80M,2.014B,1.50M,749.60M,438.30M,1.214B,1.265B,775.20M,70.60M,127.90M,388.50M
BR,2011-12,6.30M,238.20M,382.60M,0,38.10M,0.05,0.05,950.20M,0,97.20M,2011-12,6.80M,-3.40M,-3.40M,78.50M,116.20M,594.30M,23.70M,112.90M,10.60M,3.80M,479.80M,73.50M,783.80M,1.897B,1.50M,634.90M,300.80M,1.113B,1.262B,812.30M,73.50M,92.90M,296.60M
BR,2011-09,11.70M,252.80M,382.80M,0,29.10M,0.14,0.13,958.30M,0,93.60M,2011-09,16.70M,-2.10M,-2.10M,78.90M,128.10M,614.30M,28.90M,264.50M,26.20M,9.50M,476.40M,64.70M,792.50M,1.927B,1.50M,685.30M,293.60M,1.135B,1.242B,841.10M,64.70M,116.90M,328.50M
BR,2011-06,16.10M,241.50M,517.30M,0,33.40M,0.94,0.92,882.80M,0,258.80M,2011-06,116.20M,-1.90M,-1.90M,83.10M,118.60M,124.30M,184.10M,247.20M,181.20M,65.90M,776.10M,74.70M,797.30M,1.904B,1.50M,751.40M,782.70M,1.107B,1.153B,324.00M,74.70M,142.70M,406.60M
BR,2011-03,18.90M,151.30M,406.60M,0,99.50M,0.24,0.23,879.40M,0,120.50M,2011-03,29.70M,-1.90M,-1.90M,84.60M,110.50M,124.20M,53.60M,224.30M,51.10M,18.50M,527.10M,66.90M,692.30M,1.853B,1.50M,705.60M,855.10M,1.161B,1.148B,306.00M,66.90M,191.20M,395.30M
