Ticker,Date,Accrued Comprehensive Inc,Cash and Short Term Investments,Current Debt & Capital Lease Obligation,EPS Basic,EPS Diluted,Goodwill and Intangibles,Income (Quarterly),Net Income,Net Loan Assets,Net Non-Operating Interest Income Expense,Net Operating Interest Income,Net PP&E,Non-Current Deferred Liabilities,Non-Current Portion of LTD and Capital Lease Obligation,Payables and Accrued Expenses,Pre-Tax Income,Provision for Income Taxes,Revenue,SG&A Expense,Shareholders Equity,Total Assets,Total Capital Stock,Total Current Assets,Total Current Liabilities,Total Liabilities,Total Long Term Assets,Total Long Term Liabilities,Total Operating Expenses,Total Payables,Total Receivables
BRK.B,2020-12,-4.243B,138.29B,3.348B,15.01,15.01,104.42B,2020-12,35.84B,19.20B,-1.057B,-1.057B,187.02B,74.10B,113.55B,44.50B,45.40B,9.273B,103.74B,5.505B,443.16B,873.73B,8.00M,174.14B,47.85B,422.39B,777.45B,345.45B,41.12B,50.82B,35.85B
BRK.B,2020-09,-5.19B,145.72B,3.36B,12.66,12.66,101.52B,2020-09,30.14B,18.58B,-1.00B,-1.00B,176.25B,67.34B,104.33B,50.82B,37.93B,7.517B,94.61B,5.181B,415.16B,829.95B,8.00M,183.54B,54.18B,410.73B,752.30B,328.65B,39.71B,41.78B,37.82B
BRK.B,2020-06,-5.967B,146.59B,3.158B,10.88,10.88,101.60B,2020-06,26.30B,18.18B,-1.002B,-1.002B,174.79B,61.27B,103.53B,41.78B,35.41B,9.002B,96.92B,4.652B,393.50B,788.13B,8.00M,183.36B,44.94B,390.88B,702.10B,318.08B,24.45B,48.24B,36.77B
BRK.B,2020-03,-6.721B,137.26B,3.555B,-20.44,-20.44,112.94B,2020-03,-49.75B,17.66B,-1.024B,-1.024B,173.42B,52.57B,100.68B,48.24B,-63.05B,-13.35B,-9.01B,4.471B,371.56B,760.45B,8.00M,175.22B,51.80B,385.21B,666.36B,306.00B,38.03B,49.31B,37.96B
BRK.B,2019-12,-5.243B,128.00B,4.686B,11.92,11.92,113.53B,2019-12,29.16B,17.53B,-993.00M,-993.00M,174.34B,66.80B,98.68B,42.32B,36.80B,7.571B,96.68B,5.581B,424.79B,817.73B,8.00M,163.83B,47.00B,389.17B,703.97B,314.70B,41.27B,0,35.84B
BRK.B,2019-09,-5.408B,128.15B,4.499B,6.746,6.746,112.63B,2019-09,16.52B,17.14B,-985.00M,-985.00M,171.49B,60.39B,97.70B,49.31B,20.49B,3.832B,75.90B,4.384B,397.61B,788.48B,8.00M,166.31B,53.81B,386.92B,662.20B,306.24B,40.33B,0,38.15B
BRK.B,2019-06,-4.678B,122.38B,4.261B,5.739,5.739,112.93B,2019-06,14.07B,16.81B,-992.00M,-992.00M,169.46B,59.62B,95.65B,40.59B,17.76B,3.586B,73.65B,4.829B,382.54B,760.11B,8.00M,159.96B,44.85B,373.72B,664.26B,302.15B,40.62B,0,37.58B
BRK.B,2019-03,-4.727B,114.17B,3.91B,8.806,8.806,113.12B,2019-03,21.66B,16.43B,-991.00M,-991.00M,167.42B,56.85B,93.28B,39.81B,27.65B,5.915B,81.00B,4.432B,368.88B,738.72B,8.00M,151.34B,43.72B,366.13B,661.58B,295.97B,38.70B,0,37.17B
BRK.B,2018-12,-5.015B,111.87B,4.373B,-10.29,-10.32,113.17B,2018-12,-25.39B,16.28B,-971.00M,-971.00M,166.71B,51.38B,93.12B,37.19B,-32.72B,-7.33B,28.21B,4.422B,348.70B,707.79B,8.00M,147.10B,41.56B,355.29B,628.10B,287.60B,40.49B,0,35.23B
BRK.B,2018-09,-3.927B,103.64B,3.517B,7.52,7.52,114.28B,2018-09,18.54B,14.48B,-950.00M,-950.00M,165.02B,59.34B,94.12B,40.20B,23.15B,4.44B,78.16B,4.494B,375.61B,736.46B,8.00M,135.53B,43.72B,357.04B,648.69B,287.23B,40.64B,0,31.88B
BRK.B,2018-06,-3.808B,111.10B,5.219B,4.867,4.867,114.51B,2018-06,12.01B,14.21B,-957.00M,-957.00M,163.23B,56.51B,91.55B,39.03B,15.10B,3.021B,68.56B,4.232B,358.09B,711.93B,8.00M,142.38B,44.25B,350.17B,601.36B,280.12B,39.89B,0,31.28B
BRK.B,2018-03,-2.477B,108.56B,4.408B,-0.4613,-0.4613,114.92B,2018-03,-1.138B,13.84B,-975.00M,-975.00M,162.11B,55.72B,94.68B,38.13B,-1.523B,-452.00M,50.46B,4.708B,347.40B,702.65B,8.00M,139.47B,42.54B,351.60B,598.86B,283.52B,38.55B,0,30.91B
BRK.B,2017-12,58.57B,115.95B,6.32B,13.2,13.19,114.44B,2017-12,32.55B,13.75B,-586.00M,-586.00M,158.22B,56.61B,96.27B,35.90B,6.391B,-26.26B,58.96B,5.646B,348.30B,702.10B,8.00M,148.88B,42.22B,350.14B,622.31B,282.80B,40.32B,0,32.92B
BRK.B,2017-09,50.18B,109.30B,1.819B,1.649,1.649,114.51B,2017-09,4.067B,13.59B,-1.233B,-1.233B,156.83B,86.56B,99.67B,35.09B,5.63B,1.427B,60.47B,4.496B,308.28B,681.55B,8.00M,138.95B,36.91B,369.70B,592.32B,312.66B,38.36B,0,29.65B
BRK.B,2017-06,46.65B,99.75B,2.013B,1.728,1.728,113.99B,2017-06,4.262B,14.56B,-1.50B,-1.50B,154.91B,84.31B,100.26B,33.81B,6.129B,1.774B,57.48B,4.489B,300.66B,665.59B,8.00M,128.70B,35.82B,361.50B,576.39B,305.86B,37.81B,0,28.95B
BRK.B,2017-03,43.07B,119.37B,2.135B,1.646,1.646,114.03B,2017-03,4.06B,13.36B,-1.067B,-1.067B,153.64B,82.13B,101.82B,33.12B,5.688B,1.549B,65.14B,4.558B,292.85B,654.45B,8.00M,148.24B,35.26B,358.17B,496.88B,303.44B,36.54B,0,28.87B
BRK.B,2016-12,37.30B,86.37B,3.963B,2.549,2.549,113.57B,2016-12,6.286B,13.30B,-798.00M,-798.00M,152.77B,77.44B,97.68B,35.04B,9.314B,2.959B,58.16B,4.925B,282.07B,620.85B,8.00M,113.47B,39.00B,335.43B,557.66B,277.32B,36.75B,0,27.10B
BRK.B,2016-09,29.80B,109.45B,2.019B,2.919,2.919,115.04B,2016-09,7.198B,13.21B,-1.043B,-1.043B,152.07B,73.57B,99.78B,35.63B,10.52B,3.192B,58.84B,4.424B,269.26B,604.04B,8.00M,136.99B,37.65B,331.42B,466.66B,275.27B,36.54B,0,27.54B
BRK.B,2016-06,30.78B,96.42B,2.172B,2.028,2.028,114.98B,2016-06,5.001B,13.09B,-727.00M,-727.00M,150.71B,72.18B,99.24B,33.61B,7.372B,2.29B,54.25B,4.509B,263.02B,592.82B,8.00M,123.58B,35.78B,326.56B,464.50B,272.74B,36.07B,0,27.16B
BRK.B,2016-03,31.45B,82.86B,2.565B,2.267,2.267,115.02B,2016-03,5.589B,12.92B,-1.173B,-1.173B,149.54B,70.96B,98.97B,32.81B,6.456B,799.00M,52.16B,4.115B,258.66B,586.32B,8.00M,110.05B,35.37B,324.48B,473.17B,271.26B,34.00B,0,27.19B
BRK.B,2015-12,33.98B,97.72B,1.989B,2.222,2.222,72.50B,2015-12,5.478B,12.77B,-808.00M,-808.00M,145.17B,63.13B,82.30B,31.27B,7.381B,1.834B,51.94B,3.956B,255.55B,552.26B,8.00M,121.02B,33.26B,293.63B,428.14B,242.84B,33.29B,0,23.30B
BRK.B,2015-09,32.20B,93.38B,1.909B,3.825,3.825,72.89B,2015-09,9.428B,12.69B,-865.00M,-865.00M,143.33B,62.27B,83.00B,41.74B,14.07B,4.545B,58.99B,4.13B,248.28B,545.47B,8.00M,117.86B,43.65B,294.15B,434.15B,236.23B,34.18B,0,24.48B
BRK.B,2015-06,39.42B,93.81B,2.102B,1.628,1.628,73.24B,2015-06,4.013B,12.59B,-967.00M,-967.00M,140.88B,62.68B,82.48B,41.62B,5.846B,1.739B,51.37B,3.78B,246.04B,540.77B,8.00M,118.42B,43.72B,291.57B,427.59B,233.75B,34.11B,0,24.61B
BRK.B,2015-03,38.86B,91.08B,1.918B,2.095,2.095,73.17B,2015-03,5.164B,12.47B,-875.00M,-875.00M,138.74B,61.61B,81.88B,39.80B,7.647B,2.414B,48.64B,3.443B,241.46B,531.08B,8.00M,115.08B,41.72B,286.24B,422.48B,231.14B,31.33B,0,24.01B
BRK.B,2014-12,42.73B,90.67B,839.00M,1.687,1.686,70.62B,2014-12,4.155B,12.57B,-830.00M,-830.00M,137.24B,61.24B,79.05B,30.56B,5.841B,1.623B,48.28B,3.732B,240.17B,525.87B,8.00M,112.52B,31.40B,282.84B,410.65B,235.35B,32.13B,0,21.85B
BRK.B,2014-09,44.19B,91.10B,20.15B,1.874,1.874,68.51B,2014-09,4.617B,12.54B,-817.00M,-817.00M,129.80B,61.11B,54.66B,39.94B,6.75B,2.029B,51.20B,3.384B,237.46B,517.36B,8.00M,115.12B,60.09B,277.06B,411.79B,204.34B,31.89B,0,24.02B
BRK.B,2014-06,45.42B,84.63B,18.77B,2.593,2.593,68.52B,2014-06,6.395B,12.52B,-824.00M,-824.00M,127.64B,60.60B,55.32B,37.67B,8.916B,2.458B,49.76B,3.389B,234.00B,504.38B,8.00M,107.63B,56.44B,267.62B,408.01B,198.85B,31.34B,0,23.00B
BRK.B,2014-03,45.05B,78.05B,978.00M,1.908,1.908,68.16B,2014-03,4.705B,12.46B,-782.00M,-782.00M,125.08B,60.00B,72.24B,36.68B,6.598B,1.825B,45.45B,3.265B,227.61B,494.94B,8.00M,100.77B,37.66B,264.66B,404.14B,215.04B,29.37B,0,22.72B
BRK.B,2013-12,44.02B,76.97B,949.00M,2.024,2.024,66.19B,2013-12,4.99B,12.83B,-718.00M,-718.00M,123.80B,57.74B,71.28B,37.84B,7.232B,2.169B,47.05B,3.587B,221.89B,484.93B,8.00M,97.25B,38.78B,260.45B,398.51B,209.98B,30.49B,0,20.28B
BRK.B,2013-09,34.90B,70.95B,1.063B,2.049,2.049,64.27B,2013-09,5.053B,12.84B,-706.00M,-706.00M,110.56B,50.85B,64.69B,36.39B,7.378B,2.225B,46.54B,3.248B,208.38B,458.08B,8.00M,98.10B,37.45B,246.65B,359.85B,197.87B,29.45B,0,27.14B
BRK.B,2013-06,33.56B,64.45B,1.281B,1.842,1.842,63.85B,2013-06,4.541B,12.86B,-691.00M,-691.00M,108.35B,49.55B,62.67B,35.53B,6.891B,2.279B,44.69B,3.285B,202.02B,446.56B,8.00M,86.41B,36.81B,241.58B,354.19B,194.24B,29.12B,0,21.96B
BRK.B,2013-03,32.99B,79.69B,1.354B,1.985,1.985,54.41B,2013-03,4.892B,12.75B,-686.00M,-686.00M,107.27B,49.60B,61.90B,34.38B,7.295B,2.278B,43.87B,3.21B,198.07B,442.30B,8.00M,103.16B,35.74B,240.20B,347.81B,194.06B,27.90B,0,23.47B
BRK.B,2012-12,27.50B,83.70B,1.416B,1.838,1.838,64.52B,2012-12,4.551B,12.81B,-665.00M,-665.00M,106.87B,44.49B,61.32B,35.36B,6.754B,2.093B,44.72B,4.393B,187.65B,427.45B,8.00M,105.45B,36.78B,235.86B,343.64B,188.14B,28.08B,0,21.75B
BRK.B,2012-09,27.05B,47.78B,1.49B,1.582,1.582,54.14B,2012-09,3.92B,13.23B,-692.00M,-692.00M,104.85B,44.51B,62.51B,33.11B,5.936B,1.882B,41.05B,2.573B,184.60B,424.12B,8.00M,66.40B,33.11B,235.04B,350.29B,191.54B,26.18B,0,18.62B
BRK.B,2012-06,23.78B,40.66B,0,1.255,1.255,53.14B,2012-06,3.108B,13.66B,-696.00M,-696.00M,102.83B,42.72B,61.13B,31.84B,4.615B,1.384B,38.55B,2.476B,177.38B,411.36B,8.00M,58.96B,31.84B,229.64B,330.82B,187.64B,25.76B,0,18.30B
BRK.B,2012-03,25.52B,37.83B,0,1.311,1.311,53.17B,2012-03,3.245B,13.80B,-691.00M,-691.00M,101.73B,43.24B,61.84B,32.28B,4.931B,1.565B,38.15B,2.428B,176.00B,411.36B,8.00M,56.29B,32.28B,231.09B,332.76B,188.85B,24.54B,0,18.47B
BRK.B,2011-12,17.65B,68.52B,0,1.231,1.231,53.21B,2011-12,3.048B,13.93B,-675.00M,-675.00M,100.39B,37.80B,58.89B,32.71B,4.452B,1.261B,37.96B,2.408B,164.85B,392.65B,8.00M,87.53B,34.20B,223.69B,319.42B,179.57B,68.76B,0,19.01B
BRK.B,2011-09,15.78B,34.78B,0,0.92,0.92,53.31B,2011-09,2.278B,14.00B,-669.00M,-669.00M,98.45B,37.16B,60.48B,31.24B,3.363B,953.00M,33.74B,2.105B,159.96B,385.49B,8.00M,54.61B,31.24B,221.61B,310.36B,181.48B,8.476B,0,19.83B
BRK.B,2011-06,21.11B,47.89B,0,1.381,1.381,49.12B,2011-06,3.417B,14.20B,-662.00M,-662.00M,94.95B,37.81B,56.72B,29.72B,5.265B,1.725B,38.27B,2.122B,163.01B,382.70B,8.00M,67.29B,29.72B,215.91B,299.47B,177.30B,8.434B,0,19.40B
BRK.B,2011-03,21.76B,41.18B,0,0.6113,0.6113,49.08B,2011-03,1.511B,14.93B,-658.00M,-658.00M,93.77B,37.20B,56.55B,29.58B,2.234B,629.00M,33.72B,2.035B,160.06B,376.50B,8.00M,60.76B,29.58B,212.23B,293.25B,173.92B,8.211B,0,19.58B
