Ticker,Date,Accrued Comprehensive Inc,Cash and Short Term Investments,Cost of Goods Sold,Current Debt & Capital Lease Obligation,Current Deferred Liabilities,EPS Basic,EPS Diluted,Goodwill and Intangibles,Gross PP&E,Gross Profit,Income (Quarterly),Inventories,Net Income,Net Non-Operating Interest Income Expense,Net Operating Interest Income,Net PP&E,Non-Current Deferred Liabilities,Non-Current Portion of LTD and Capital Lease Obligation,Operating Income,Payables and Accrued Expenses,Pre-Tax Income,Provision for Income Taxes,Research and Development Expense,Revenue,SG&A Expense,Shareholders Equity,Total Assets,Total Capital Stock,Total Current Assets,Total Current Liabilities,Total Liabilities,Total Long Term Assets,Total Long Term Liabilities,Total Operating Expenses,Total Payables,Total Receivables
BSX,2020-12,207.00M,1.734B,1.00B,13.00M,138.00M,0.1,0.1,15.87B,5.765B,1.709B,2020-12,1.351B,210.00M,-96.00M,-96.00M,2.541B,587.00M,9.526B,189.00M,2.365B,307.00M,96.00M,286.00M,2.709B,1.027B,15.33B,30.78B,17.00M,6.694B,3.681B,15.45B,24.08B,11.77B,1.52B,671.00M,1.531B
BSX,2020-09,151.00M,2.022B,869.00M,11.00M,147.00M,-0.12,-0.12,16.93B,5.487B,1.79B,2020-09,1.472B,-155.00M,-85.00M,-85.00M,2.375B,522.00M,9.32B,282.00M,2.132B,-227.00M,-72.00M,315.00M,2.659B,984.00M,15.56B,30.84B,17.00M,6.16B,3.302B,15.28B,24.68B,11.98B,1.508B,489.00M,1.598B
BSX,2020-06,131.00M,1.724B,791.00M,254.00M,143.00M,-0.11,-0.11,17.26B,5.516B,1.212B,2020-06,1.516B,-147.00M,-91.00M,-91.00M,2.394B,836.00M,9.535B,-33.00M,2.005B,-181.00M,-33.00M,242.00M,2.003B,798.00M,15.62B,30.82B,17.00M,5.803B,3.108B,15.21B,25.02B,12.10B,1.245B,601.00M,1.457B
BSX,2020-03,168.00M,370.00M,806.00M,1.004B,141.00M,0.01,0.01,17.49B,5.529B,1.737B,2020-03,1.628B,11.00M,-87.00M,-87.00M,2.425B,840.00M,9.593B,246.00M,2.201B,22.00M,12.00M,300.00M,2.543B,978.00M,13.80B,30.11B,16.00M,4.823B,3.976B,16.31B,25.29B,12.33B,1.491B,851.00M,1.702B
BSX,2019-12,270.00M,217.00M,851.00M,1.416B,144.00M,2.87,2.83,18.06B,5.504B,2.053B,2019-12,1.579B,3.996B,-178.00M,-178.00M,2.415B,852.00M,8.861B,435.00M,2.445B,-6.00M,-4.002B,308.00M,2.904B,1.092B,13.88B,30.56B,16.00M,4.699B,4.866B,16.69B,25.87B,11.82B,1.618B,807.00M,1.828B
BSX,2019-09,138.00M,277.00M,777.00M,1.297B,115.00M,0.09,0.09,18.09B,4.997B,1.93B,2019-09,1.566B,126.00M,-87.00M,-87.00M,1.942B,807.00M,9.576B,419.00M,2.115B,91.00M,-35.00M,306.00M,2.707B,1.012B,9.698B,26.76B,16.00M,4.847B,4.254B,17.06B,21.91B,12.80B,1.511B,512.00M,1.796B
BSX,2019-06,78.00M,123.00M,758.00M,1.949B,0,0.11,0.11,14.94B,4.86B,1.873B,2019-06,1.30B,154.00M,-75.00M,-75.00M,1.82B,416.00M,7.576B,447.00M,1.985B,145.00M,-9.00M,280.00M,2.631B,968.00M,9.424B,24.31B,16.00M,6.334B,4.85B,14.88B,17.97B,10.03B,1.426B,524.00M,1.712B
BSX,2019-03,87.00M,139.00M,730.00M,1.638B,0,0.31,0.3,14.63B,4.776B,1.763B,2019-03,1.228B,424.00M,-102.00M,-102.00M,1.782B,441.00M,7.574B,438.00M,1.934B,457.00M,33.00M,280.00M,2.493B,869.00M,9.232B,23.80B,16.00M,6.234B,4.479B,14.57B,17.57B,10.09B,1.325B,498.00M,1.621B
BSX,2018-12,33.00M,146.00M,729.00M,2.253B,0,0.28,0.27,14.28B,4.74B,1.832B,2018-12,1.166B,386.00M,-63.00M,-63.00M,1.782B,328.00M,4.777B,411.00M,2.009B,296.00M,-90.00M,288.00M,2.561B,953.00M,8.725B,21.00B,16.00M,4.003B,5.26B,12.27B,17.00B,7.013B,1.421B,474.00M,1.645B
BSX,2018-09,25.00M,168.00M,672.00M,1.82B,0,0.31,0.31,13.88B,4.727B,1.721B,2018-09,1.134B,432.00M,-58.00M,-58.00M,1.731B,428.00M,4.778B,397.00M,1.872B,456.00M,24.00M,289.00M,2.393B,870.00M,8.289B,20.38B,16.00M,3.971B,5.082B,12.09B,16.41B,7.008B,1.324B,453.00M,1.58B
BSX,2018-06,-16.00M,208.00M,739.00M,1.685B,0,0.4,0.4,13.18B,4.71B,1.751B,2018-06,1.087B,555.00M,-56.00M,-56.00M,1.715B,364.00M,4.776B,426.00M,1.627B,347.00M,-209.00M,275.00M,2.49B,886.00M,7.744B,19.62B,16.00M,3.929B,4.753B,11.87B,15.69B,7.118B,1.325B,403.00M,1.587B
BSX,2018-03,-128.00M,287.00M,672.00M,962.00M,0,0.22,0.21,12.70B,4.696B,1.707B,2018-03,1.113B,298.00M,-60.00M,-60.00M,1.70B,128.00M,4.768B,427.00M,1.597B,323.00M,26.00M,261.00M,2.379B,860.00M,7.029B,19.20B,16.00M,4.08B,4.988B,12.17B,15.12B,7.184B,1.28B,404.00M,1.58B
BSX,2017-12,-59.00M,188.00M,674.00M,1.801B,0,-0.45,-0.45,12.84B,4.624B,1.734B,2017-12,1.078B,-615.00M,-56.00M,-56.00M,1.696B,191.00M,3.777B,426.00M,1.81B,227.00M,841.00M,263.00M,2.408B,886.00M,7.011B,19.04B,16.00M,3.822B,5.654B,12.03B,15.22B,6.376B,1.308B,530.00M,1.548B
BSX,2017-09,-51.00M,210.00M,637.00M,1.266B,0,0.21,0.2,12.66B,4.585B,1.585B,2017-09,1.077B,283.00M,-54.00M,-54.00M,1.678B,66.00M,4.416B,376.00M,1.567B,309.00M,26.00M,254.00M,2.222B,800.00M,7.588B,18.64B,16.00M,3.478B,4.828B,11.05B,15.16B,6.22B,1.209B,371.00M,1.47B
BSX,2017-06,-53.00M,195.00M,632.00M,1.018B,0,0.11,0.11,12.79B,4.521B,1.625B,2017-06,1.023B,146.00M,-58.00M,-58.00M,1.651B,58.00M,4.817B,407.00M,1.462B,91.00M,-55.00M,244.00M,2.257B,815.00M,7.235B,18.38B,16.00M,3.222B,4.30B,11.15B,15.16B,6.847B,1.218B,376.00M,1.444B
BSX,2017-03,-46.00M,156.00M,650.00M,5.00M,0,0.21,0.21,12.42B,4.446B,1.51B,2017-03,971.00M,290.00M,-56.00M,-56.00M,1.652B,19.00M,5.509B,321.00M,1.438B,305.00M,15.00M,235.00M,2.16B,794.00M,7.053B,17.94B,16.00M,3.026B,3.49B,10.89B,14.92B,7.40B,1.189B,376.00M,1.429B
BSX,2016-12,1.00M,196.00M,619.00M,64.00M,0,0.09,0.09,12.56B,4.365B,1.572B,2016-12,955.00M,124.00M,-58.00M,-58.00M,1.63B,18.00M,5.369B,328.00M,1.697B,89.00M,-35.00M,256.00M,2.191B,831.00M,6.733B,18.10B,16.00M,3.239B,3.587B,11.36B,14.86B,7.776B,1.244B,447.00M,1.472B
BSX,2016-09,-99.00M,237.00M,594.00M,254.00M,0,0.17,0.17,12.34B,4.206B,1.511B,2016-09,998.00M,228.00M,-58.00M,-58.00M,1.50B,26.00M,5.171B,351.00M,1.464B,257.00M,29.00M,232.00M,2.105B,772.00M,6.482B,17.70B,19.00M,3.181B,3.016B,11.22B,14.52B,8.199B,1.16B,298.00M,1.385B
BSX,2016-06,-70.00M,438.00M,639.00M,254.00M,0,-0.15,-0.15,12.40B,4.136B,1.487B,2016-06,981.00M,-207.00M,-58.00M,-58.00M,1.487B,24.00M,5.173B,331.00M,1.445B,-397.00M,-190.00M,222.00M,2.126B,779.00M,6.22B,17.84B,18.00M,3.33B,3.182B,11.62B,14.51B,8.436B,1.156B,284.00M,1.387B
BSX,2016-03,35.00M,338.00M,573.00M,253.00M,0,0.15,0.15,12.54B,4.081B,1.391B,2016-03,1.022B,202.00M,-56.00M,-56.00M,1.464B,295.00M,5.424B,310.00M,1.236B,228.00M,26.00M,210.00M,1.964B,716.00M,6.457B,17.72B,16.00M,3.164B,2.608B,11.26B,14.55B,8.653B,1.081B,232.00M,1.291B
BSX,2015-12,88.00M,319.00M,573.00M,3.00M,0,-0.11,-0.11,12.67B,4.062B,1.405B,2015-12,1.016B,-142.00M,-56.00M,-56.00M,1.49B,735.00M,5.674B,232.00M,1.406B,-338.00M,-196.00M,244.00M,1.978B,778.00M,6.32B,18.13B,16.00M,3.471B,2.43B,11.81B,14.66B,9.383B,1.173B,209.00M,1.275B
BSX,2015-09,81.00M,350.00M,539.00M,63.00M,0,-0.15,-0.15,12.70B,4.034B,1.349B,2015-09,1.086B,-198.00M,-57.00M,-57.00M,1.479B,770.00M,5.796B,251.00M,1.432B,-367.00M,-169.00M,221.00M,1.888B,729.00M,6.41B,18.22B,16.00M,3.462B,2.238B,11.80B,14.75B,9.567B,1.098B,210.00M,1.274B
BSX,2015-06,104.00M,903.00M,540.00M,43.00M,0,0.08,0.08,11.37B,3.937B,1.303B,2015-06,968.00M,102.00M,-106.00M,-106.00M,1.451B,899.00M,5.069B,249.00M,1.309B,105.00M,3.00M,220.00M,1.843B,700.00M,6.58B,17.12B,16.00M,3.773B,1.937B,10.54B,13.35B,8.606B,1.054B,191.00M,1.195B
BSX,2015-03,142.00M,242.00M,520.00M,423.00M,0,-0.0008,-0.0008,11.40B,3.85B,1.248B,2015-03,958.00M,-1.00M,-60.00M,-60.00M,1.458B,963.00M,3.845B,258.00M,1.225B,-51.00M,-50.00M,192.00M,1.768B,668.00M,6.501B,16.47B,16.00M,3.189B,2.463B,9.971B,13.28B,7.508B,990.00M,228.00M,1.161B
BSX,2014-12,144.00M,587.00M,559.00M,403.00M,0,0.07,0.06,11.50B,3.846B,1.328B,2014-12,946.00M,-299.00M,-53.00M,-53.00M,1.507B,1.214B,3.841B,232.00M,1.518B,-554.00M,-255.00M,208.00M,1.887B,752.00M,6.457B,17.02B,16.00M,3.606B,2.846B,10.57B,13.42B,7.721B,1.096B,262.00M,1.183B
BSX,2014-09,110.00M,246.00M,550.00M,3.00M,0,0.03,0.03,11.63B,3.788B,1.296B,2014-09,989.00M,43.00M,-53.00M,-53.00M,1.522B,1.224B,4.249B,213.00M,1.447B,3.00M,-40.00M,212.00M,1.846B,741.00M,6.701B,16.72B,16.00M,3.175B,1.82B,10.02B,13.54B,8.197B,1.083B,234.00M,1.233B
BSX,2014-06,42.00M,357.00M,563.00M,3.00M,0,0.003,0.003,11.39B,3.777B,1.31B,2014-06,949.00M,4.00M,-52.00M,-52.00M,1.534B,1.302B,4.252B,227.00M,1.437B,-104.00M,-108.00M,206.00M,1.873B,743.00M,6.544B,16.48B,16.00M,3.214B,1.773B,9.933B,13.26B,8.16B,1.083B,241.00M,1.287B
BSX,2014-03,72.00M,191.00M,537.00M,4.00M,0,0.1,0.1,11.50B,3.726B,1.237B,2014-03,926.00M,133.00M,-53.00M,-53.00M,1.539B,1.439B,4.245B,231.00M,1.418B,146.00M,13.00M,191.00M,1.774B,666.00M,6.534B,16.34B,16.00M,2.936B,1.719B,9.801B,13.40B,8.082B,1.006B,241.00M,1.217B
BSX,2013-12,106.00M,217.00M,556.00M,3.00M,0,0.08,0.08,11.64B,3.67B,1.282B,2013-12,897.00M,108.00M,-57.00M,-57.00M,1.546B,1.402B,4.237B,211.00M,1.51B,59.00M,-49.00M,217.00M,1.838B,724.00M,6.539B,16.57B,16.00M,3.011B,1.824B,10.03B,13.56B,8.208B,1.071B,246.00M,1.307B
BSX,2013-09,56.00M,571.00M,510.00M,3.00M,0,-0.0037,-0.0037,11.49B,3.616B,1.225B,2013-09,895.00M,-5.00M,-136.00M,-136.00M,1.53B,1.623B,4.246B,221.00M,1.425B,-40.00M,-35.00M,217.00M,1.735B,658.00M,6.563B,16.92B,16.00M,3.525B,1.902B,10.35B,13.39B,8.452B,1.004B,238.00M,1.238B
BSX,2013-06,82.00M,530.00M,530.00M,605.00M,0,0.1,0.1,11.58B,3.551B,1.279B,2013-06,842.00M,130.00M,-62.00M,-62.00M,1.524B,1.711B,3.647B,247.00M,1.512B,152.00M,22.00M,223.00M,1.809B,661.00M,6.603B,17.00B,16.00M,3.498B,2.477B,10.39B,13.50B,7.916B,1.032B,251.00M,1.278B
BSX,2013-03,45.00M,268.00M,578.00M,4.00M,0,-0.26,-0.26,11.73B,3.517B,1.183B,2013-03,851.00M,-354.00M,-63.00M,-63.00M,1.537B,1.71B,4.25B,204.00M,1.265B,-394.00M,-40.00M,204.00M,1.761B,631.00M,6.503B,16.76B,16.00M,3.102B,1.636B,10.26B,13.66B,8.624B,979.00M,206.00M,1.232B
BSX,2012-12,-33.00M,207.00M,582.00M,4.00M,0,0.04,0.04,12.26B,3.52B,1.239B,2012-12,884.00M,61.00M,-61.00M,-61.00M,1.564B,1.713B,4.252B,232.00M,1.416B,52.00M,-9.00M,238.00M,1.821B,640.00M,6.87B,17.15B,15.00M,3.022B,1.772B,10.28B,14.13B,8.512B,1.007B,232.00M,1.217B
BSX,2012-09,-112.00M,352.00M,558.00M,3.00M,0,-0.48,-0.48,11.88B,3.193B,1.177B,2012-09,911.00M,-664.00M,-64.00M,-64.00M,1.624B,1.705B,4.252B,240.00M,1.553B,-663.00M,1.00M,220.00M,1.735B,589.00M,6.828B,16.90B,15.00M,3.173B,1.815B,10.07B,13.72B,8.255B,937.00M,228.00M,1.197B
BSX,2012-06,-87.00M,371.00M,578.00M,4.00M,0,-2.51,-2.51,12.72B,3.222B,1.25B,2012-06,898.00M,-3.578B,-63.00M,-63.00M,1.632B,1.803B,4.253B,242.00M,1.173B,-3.618B,-40.00M,213.00M,1.828B,648.00M,7.728B,17.82B,15.00M,3.111B,1.794B,10.09B,14.71B,8.296B,1.008B,263.00M,1.243B
BSX,2012-03,-79.00M,284.00M,631.00M,4.00M,0,0.08,0.08,16.14B,3.223B,1.235B,2012-03,889.00M,113.00M,-68.00M,-68.00M,1.669B,1.877B,4.255B,216.00M,1.468B,123.00M,10.00M,215.00M,1.866B,659.00M,11.40B,21.18B,15.00M,3.091B,1.669B,9.789B,18.09B,8.12B,1.019B,288.00M,1.316B
BSX,2011-12,-138.00M,267.00M,660.00M,4.00M,0,0.07,0.07,16.23B,3.183B,1.188B,2011-12,931.00M,107.00M,-64.00M,-64.00M,1.67B,1.865B,4.257B,-559.00M,1.401B,100.00M,-7.00M,230.00M,1.848B,481.00M,11.35B,21.29B,15.00M,3.105B,1.807B,9.937B,18.18B,8.13B,1.747B,203.00M,1.246B
BSX,2011-09,-132.00M,276.00M,680.00M,4.00M,0,0.09,0.09,16.33B,3.326B,1.194B,2011-09,972.00M,142.00M,-62.00M,-62.00M,1.684B,1.854B,4.259B,211.00M,264.00M,111.00M,-31.00M,229.00M,1.874B,665.00M,11.52B,21.50B,15.00M,3.213B,1.887B,9.981B,18.29B,8.094B,983.00M,256.00M,1.237B
BSX,2011-06,-123.00M,154.00M,688.00M,4.00M,0,0.1,0.1,16.44B,3.34B,1.287B,2011-06,927.00M,146.00M,-73.00M,-73.00M,1.702B,1.916B,4.197B,274.00M,1.552B,158.00M,12.00M,223.00M,1.975B,694.00M,11.54B,21.56B,15.00M,3.149B,1.892B,10.02B,18.41B,8.127B,1.013B,223.00M,1.334B
BSX,2011-03,-119.00M,595.00M,631.00M,254.00M,0,0.03,0.03,16.55B,3.268B,1.294B,2011-03,899.00M,46.00M,-75.00M,-75.00M,1.708B,1.988B,4.67B,1.063B,1.517B,273.00M,227.00M,212.00M,1.925B,647.00M,11.37B,22.07B,15.00M,3.569B,2.04B,10.70B,18.50B,8.661B,231.00M,217.00M,1.336B
