Ticker,Date,Accrued Comprehensive Inc,Cash and Short Term Investments,Cost of Goods Sold,Current Debt & Capital Lease Obligation,EPS Basic,EPS Diluted,Gross PP&E,Gross Profit,Income (Quarterly),Net Income,Net Non-Operating Interest Income Expense,Net Operating Interest Income,Net PP&E,Non-Current Portion of LTD and Capital Lease Obligation,Operating Income,Payables and Accrued Expenses,Pre-Tax Income,Provision for Income Taxes,Research and Development Expense,Revenue,SG&A Expense,Shareholders Equity,Total Assets,Total Capital Stock,Total Current Assets,Total Current Liabilities,Total Liabilities,Total Long Term Assets,Total Long Term Liabilities,Total Operating Expenses,Total Payables,Total Receivables
BXP,2020-12,-49.89M,1.669B,260.38M,0,0.05,0.05,0,404.71M,2020-12,10.31M,-110.32M,-110.32M,0,13.49B,205.64M,613.63M,24.90M,0,0,665.09M,31.05M,5.996B,22.86B,201.56M,3.049B,613.63M,14.52B,19.81B,13.90B,199.07M,507.35M,1.296B
BXP,2020-09,-52.62M,1.715B,264.32M,0,0.58,0.58,0,428.95M,2020-09,92.48M,-111.04M,-111.04M,0,13.48B,234.63M,605.86M,118.06M,0,0,693.27M,27.86M,6.130B,22.96B,201.56M,3.162B,605.86M,14.46B,19.80B,13.86B,194.32M,517.03M,1.290B
BXP,2020-06,-54.92M,1.691B,244.24M,0,1.71,1.71,0,410.53M,2020-06,269.15M,-105.84M,-105.84M,0,13.48B,194.60M,594.64M,298.58M,0,0,654.77M,37.74M,6.182B,23.00B,201.56M,3.304B,594.64M,14.45B,19.70B,13.86B,215.93M,499.37M,1.256B
BXP,2020-03,-55.70M,660.73M,273.02M,250.00M,3.2,3.2,0,479.53M,2020-03,500.12M,-98.57M,-98.57M,0,12.24B,271.98M,547.24M,577.15M,0,0,752.56M,36.45M,6.048B,21.83B,201.55M,2.239B,797.24M,13.41B,19.59B,12.61B,207.55M,464.86M,1.244B
BXP,2019-12,-48.34M,644.95M,279.40M,0,0.91,0.91,0,478.10M,2019-12,143.46M,-98.49M,-98.49M,0,12.24B,275.41M,638.28M,176.01M,0,0,757.50M,32.80M,5.685B,21.28B,201.55M,1.981B,638.28M,13.27B,19.30B,12.63B,202.69M,548.27M,1.248B
BXP,2019-09,-52.00M,751.21M,276.78M,0,0.7,0.7,0,466.78M,2019-09,110.40M,-99.29M,-99.29M,0,12.26B,269.77M,669.87M,141.37M,0,0,743.55M,31.15M,5.672B,21.29B,201.55M,2.120B,669.87M,13.29B,19.17B,12.62B,197.01M,586.69M,1.205B
BXP,2019-06,-51.34M,1.087B,269.45M,0,1.06,1.06,0,464.29M,2019-06,166.94M,-98.74M,-98.74M,0,12.22B,251.80M,673.14M,203.46M,0,0,733.74M,35.07M,5.716B,21.27B,201.55M,2.392B,673.14M,13.25B,18.88B,12.57B,212.48M,583.85M,1.161B
BXP,2019-03,-48.73M,360.09M,268.78M,0,0.63,0.63,0,456.99M,2019-03,100.73M,-97.26M,-97.26M,0,11.38B,250.64M,583.41M,131.16M,0,0,725.77M,41.76M,5.837B,20.50B,201.54M,1.710B,583.41M,12.33B,18.79B,11.75B,206.36M,494.24M,1.146B
BXP,2018-12,-47.74M,543.36M,263.48M,0,0.96,0.96,0,441.67M,2018-12,151.14M,-96.60M,-96.60M,0,11.01B,248.55M,531.03M,185.24M,0,0,705.16M,27.68M,5.883B,20.26B,201.54M,1.841B,531.03M,12.04B,18.42B,11.51B,193.12M,441.76M,1.121B
BXP,2018-09,-45.14M,322.50M,259.33M,170.00M,0.77,0.77,0,426.95M,2018-09,121.74M,-92.54M,-92.54M,0,10.72B,239.28M,573.39M,150.44M,0,0,686.28M,29.68M,5.877B,20.14B,201.54M,1.662B,743.39M,11.93B,18.48B,11.19B,187.67M,480.58M,1.105B
BXP,2018-06,-47.70M,472.56M,248.50M,0,0.83,0.83,0,415.98M,2018-06,131.31M,-89.62M,-89.62M,0,10.72B,231.10M,563.17M,160.56M,0,0,664.48M,28.47M,5.893B,19.96B,201.54M,1.789B,563.17M,11.75B,18.17B,11.18B,184.88M,466.33M,976.31M
BXP,2018-03,-49.06M,294.57M,251.29M,115.00M,1.14,1.14,0,409.86M,2018-03,178.65M,-88.57M,-88.57M,0,10.22B,208.17M,590.40M,216.31M,0,0,661.15M,35.89M,5.879B,19.58B,201.54M,1.565B,705.40M,11.40B,18.02B,10.69B,201.69M,494.22M,962.31M
BXP,2017-12,-50.43M,434.77M,242.01M,45.00M,0.67,0.67,0,413.22M,2017-12,106.48M,-89.44M,-89.44M,0,10.23B,229.56M,554.19M,132.20M,0,0,655.23M,29.40M,5.814B,19.37B,201.54M,1.537B,599.19M,11.27B,17.84B,10.67B,183.66M,470.54M,953.76M
BXP,2017-09,-51.80M,493.06M,245.79M,0,0.76,0.76,0,411.92M,2017-09,119.96M,-90.70M,-90.70M,0,10.23B,233.97M,554.97M,147.70M,0,0,657.71M,25.79M,5.825B,19.31B,201.54M,1.637B,554.97M,11.21B,17.67B,10.65B,177.96M,455.87M,915.16M
BXP,2017-06,-53.16M,492.44M,238.86M,0,0.87,0.87,0,418.05M,2017-06,136.33M,-93.64M,-93.64M,0,10.24B,238.99M,519.16M,163.24M,0,0,656.91M,27.14M,5.814B,19.28B,201.54M,1.542B,519.16M,11.21B,17.74B,10.69B,179.06M,433.99M,908.71M
BXP,2017-03,-50.98M,302.94M,235.38M,105.00M,0.63,0.63,0,396.85M,2017-03,99.71M,-94.92M,-94.92M,0,9.782B,206.26M,710.86M,115.43M,0,0,632.23M,31.39M,5.776B,18.97B,201.54M,1.390B,815.86M,11.04B,17.58B,10.23B,190.59M,444.14M,885.14M
BXP,2016-12,-52.25M,356.91M,231.83M,0,0.95,0.94,0,404.23M,2016-12,149.88M,-97.32M,-97.32M,0,9.796B,200.90M,672.76M,245.50M,0,0,636.06M,25.29M,5.786B,18.85B,201.54M,1.441B,672.76M,10.92B,17.41B,10.25B,203.32M,428.83M,891.69M
BXP,2016-09,-73.94M,419.32M,236.68M,0,0.5,0.5,0,388.55M,2016-09,79.34M,-101.01M,-101.01M,0,9.809B,159.64M,660.64M,58.52M,0,0,625.23M,25.16M,5.726B,18.79B,201.54M,1.522B,660.64M,10.93B,17.27B,10.27B,228.91M,426.02M,861.83M
BXP,2016-06,-79.75M,1.180B,225.92M,0,0.63,0.63,0,397.63M,2016-06,99.19M,-103.48M,-103.48M,0,9.934B,219.04M,622.71M,117.36M,0,0,623.55M,25.42M,5.733B,18.96B,201.54M,2.252B,622.71M,11.07B,16.71B,10.44B,178.59M,400.54M,861.68M
BXP,2016-03,-56.71M,1.606B,226.81M,0,1.18,1.18,0,439.18M,2016-03,184.36M,-103.80M,-103.80M,0,10.16B,250.38M,587.38M,148.60M,0,0,665.98M,29.35M,5.750B,19.18B,201.54M,2.655B,587.38M,11.25B,16.52B,10.66B,188.80M,365.81M,841.62M
BXP,2015-12,-14.11M,723.72M,224.53M,0,0.9,0.9,0,399.71M,2015-12,140.55M,-105.74M,-105.74M,0,9.189B,210.95M,792.42M,85.41M,0,0,624.24M,24.30M,5.709B,18.35B,201.54M,1.835B,792.42M,10.46B,16.52B,9.672B,188.76M,602.03M,852.75M
BXP,2015-09,-20.62M,1.387B,227.92M,0,1.2,1.2,0,401.96M,2015-09,186.73M,-105.09M,-105.09M,0,9.910B,228.00M,559.03M,123.79M,0,0,629.88M,20.94M,5.852B,18.98B,201.54M,2.424B,559.03M,10.92B,16.56B,10.36B,173.96M,358.11M,803.59M
BXP,2015-06,1.848M,1.343B,222.96M,0,0.52,0.52,0,395.26M,2015-06,82.08M,-107.24M,-107.24M,0,10.05B,205.13M,523.34M,100.74M,0,0,618.22M,22.28M,5.783B,19.11B,201.54M,2.499B,523.34M,11.13B,16.61B,10.60B,190.13M,344.79M,785.98M
BXP,2015-03,-11.91M,1.064B,228.93M,0,1.12,1.11,0,389.55M,2015-03,173.77M,-107.35M,-107.35M,0,10.07B,206.54M,523.51M,114.09M,0,0,618.48M,28.79M,5.782B,19.18B,201.53M,2.580B,523.51M,11.18B,16.60B,10.66B,183.01M,336.88M,761.64M
BXP,2014-12,-9.304M,1.763B,218.62M,0,1.14,1.14,0,395.09M,2014-12,177.28M,-115.98M,-115.98M,0,10.09B,209.49M,1.289B,85.32M,0,0,613.71M,23.17M,5.697B,19.89B,201.53M,3.153B,1.289B,11.98B,16.73B,10.69B,185.60M,1.126B,738.59M
BXP,2014-09,-9.866M,846.66M,222.76M,0,0.83,0.83,0,396.04M,2014-09,130.37M,-109.89M,-109.89M,0,10.66B,216.20M,548.26M,109.04M,0,0,618.80M,22.59M,5.725B,18.88B,201.53M,1.952B,548.26M,11.83B,16.92B,11.28B,179.83M,366.31M,733.10M
BXP,2014-06,-10.43M,1.037B,209.96M,0,0.5,0.5,0,379.83M,2014-06,79.14M,-108.87M,-108.87M,0,10.74B,201.93M,484.52M,95.90M,0,0,589.79M,23.27M,5.691B,18.90B,201.53M,1.954B,484.52M,11.88B,16.94B,11.40B,177.90M,328.50M,724.94M
BXP,2014-03,-10.99M,1.180B,213.18M,0,0.35,0.35,0,361.51M,2014-03,56.62M,-112.24M,-112.24M,0,10.76B,177.33M,511.48M,67.76M,0,0,574.69M,29.90M,5.702B,18.98B,201.53M,2.112B,511.48M,11.98B,16.87B,11.47B,184.18M,332.83M,699.54M
BXP,2013-12,-11.56M,2.365B,206.08M,0,0.58,0.58,0,370.12M,2013-12,91.54M,-119.47M,-119.47M,0,11.52B,194.99M,867.24M,79.40M,0,0,576.20M,20.66M,5.741B,20.18B,201.53M,3.318B,867.24M,13.13B,16.86B,12.27B,175.13M,699.71M,711.07M
BXP,2013-09,-12.12M,1.641B,205.87M,0,1,1,0,365.61M,2013-09,155.32M,-118.29M,-118.29M,0,11.53B,187.52M,509.56M,82.31M,0,0,571.48M,24.84M,5.683B,19.52B,201.52M,2.630B,509.56M,12.78B,16.89B,12.27B,178.09M,328.25M,696.43M
BXP,2013-06,-12.69M,1.609B,183.35M,0,2.95,2.94,14.38B,326.68M,2013-06,455.04M,-101.84M,-101.84M,11.53B,11.55B,168.91M,467.10M,503.45M,0,0,510.03M,24.32M,5.625B,19.46B,201.52M,2.535B,467.10M,12.78B,16.93B,12.31B,157.77M,325.42M,691.69M
BXP,2013-03,-13.25M,909.38M,176.11M,0,0.32,0.31,14.15B,301.72M,2013-03,48.00M,-98.96M,-98.96M,11.37B,8.872B,136.75M,420.74M,38.50M,0,0,477.83M,45.52M,5.257B,15.62B,201.52M,2.113B,420.74M,9.818B,13.51B,9.397B,164.97M,321.24M,1.077B
BXP,2012-12,-13.82M,1.042B,170.36M,0,0.43,0.43,14.08B,300.38M,2012-12,65.41M,-100.74M,-100.74M,11.35B,8.912B,166.40M,382.05M,72.40M,0,0,470.74M,17.92M,5.097B,15.46B,1.516M,2.243B,382.05M,9.827B,13.22B,9.445B,133.98M,309.59M,1.055B
BXP,2012-09,-14.38M,1.235B,172.58M,0,0.38,0.38,13.20B,294.10M,2012-09,57.25M,-101.03M,-101.03M,10.64B,8.651B,161.83M,385.55M,63.97M,0,0,466.68M,21.62M,5.119B,15.14B,1.509M,2.276B,385.55M,9.456B,12.87B,9.071B,132.27M,286.95M,1.009B
BXP,2012-06,-14.98M,1.683B,167.79M,0,0.79,0.78,13.05B,303.56M,2012-06,118.56M,-97.52M,-97.52M,10.58B,8.896B,173.33M,318.80M,97.08M,0,0,471.35M,19.07M,5.134B,15.28B,1.507M,2.699B,318.80M,9.575B,12.58B,9.256B,130.23M,256.85M,984.44M
BXP,2012-03,-15.56M,602.39M,161.94M,0,0.33,0.33,13.01B,281.75M,2012-03,48.45M,-101.59M,-101.59M,10.60B,7.961B,145.67M,356.05M,55.26M,0,0,443.69M,27.62M,4.963B,14.21B,1.494M,1.619B,356.05M,8.693B,12.59B,8.337B,136.08M,258.06M,985.73M
BXP,2011-12,-16.14M,1.823B,144.44M,0,0.69,0.68,0,279.50M,2011-12,101.32M,-102.13M,-102.13M,0,8.704B,150.46M,316.14M,69.87M,0,0,423.94M,26.82M,4.866B,14.78B,1.481M,2.912B,316.14M,9.369B,11.87B,9.053B,129.04M,247.04M,972.81M
BXP,2011-09,-16.72M,1.072B,159.81M,0,0.48,0.48,0,289.90M,2011-09,70.54M,-93.86M,-93.86M,0,7.950B,164.30M,346.07M,48.69M,0,0,449.70M,16.92M,4.826B,13.98B,1.476M,1.518B,346.07M,8.597B,12.46B,8.251B,125.59M,256.51M,408.71M
BXP,2011-06,-17.29M,790.56M,149.91M,0,0.41,0.41,0,283.95M,2011-06,60.21M,-92.63M,-92.63M,0,7.942B,153.61M,318.67M,0,0,0,433.87M,20.08M,4.758B,13.88B,1.464M,1.986B,318.67M,8.548B,11.90B,8.229B,130.34M,256.63M,892.61M
BXP,2011-03,-17.87M,757.10M,145.37M,0,0.29,0.29,0,271.84M,2011-03,40.81M,-97.55M,-97.55M,0,7.937B,137.89M,342.71M,0,0,0,417.21M,24.72M,4.696B,13.84B,1.451M,1.926B,342.71M,8.546B,11.91B,8.203B,133.95M,254.64M,863.14M
