Ticker,Date,Accrued Comprehensive Inc,Cash and Short Term Investments,Cost of Goods Sold,Current Debt & Capital Lease Obligation,Current Deferred Liabilities,EPS Basic,EPS Diluted,Goodwill and Intangibles,Gross PP&E,Gross Profit,Income (Quarterly),Inventories,Net Income,Net Non-Operating Interest Income Expense,Net Operating Interest Income,Net PP&E,Non-Current Deferred Liabilities,Non-Current Portion of LTD and Capital Lease Obligation,Operating Income,Payables and Accrued Expenses,Pre-Tax Income,Provision for Income Taxes,Research and Development Expense,Revenue,SG&A Expense,Shareholders Equity,Total Assets,Total Capital Stock,Total Current Assets,Total Current Liabilities,Total Liabilities,Total Long Term Assets,Total Long Term Liabilities,Total Operating Expenses,Total Payables,Total Receivables
CAT,2020-12,-888.00M,9.352B,7.912B,11.16B,1.108B,1.43,1.42,7.702B,29.27B,3.323B,2020-12,11.40B,780.00M,-130.00M,-130.00M,12.40B,0,26.00B,1.38B,11.43B,941.00M,167.00M,374.00M,11.24B,1.216B,15.33B,78.32B,6.23B,39.46B,25.72B,62.95B,38.86B,37.23B,1.943B,6.69B,16.78B
CAT,2020-09,-1.448B,9.315B,7.056B,12.02B,1.209B,1.23,1.22,7.667B,29.22B,2.825B,2020-09,11.45B,668.00M,-136.00M,-136.00M,12.23B,0,26.11B,985.00M,9.772B,863.00M,187.00M,344.00M,9.881B,1.126B,14.95B,76.74B,6.204B,38.53B,24.98B,61.75B,38.21B,36.77B,1.84B,5.193B,15.94B
CAT,2020-06,-1.815B,8.784B,7.262B,11.72B,1.227B,0.84,0.84,7.612B,29.78B,2.735B,2020-06,11.37B,458.00M,-135.00M,-135.00M,12.36B,0,26.91B,784.00M,10.15B,678.00M,227.00M,341.00M,9.997B,1.179B,13.73B,76.57B,6.12B,37.86B,25.23B,62.79B,38.70B,37.56B,1.951B,5.641B,15.92B
CAT,2020-03,-2.012B,7.123B,7.441B,12.72B,1.295B,2,1.98,7.618B,0,3.194B,2020-03,11.75B,1.092B,-113.00M,-113.00M,12.49B,0,24.37B,1.404B,10.42B,1.513B,425.00M,356.00M,10.64B,1.121B,14.20B,75.89B,6.046B,37.59B,26.52B,61.66B,38.31B,35.14B,1.79B,5.769B,16.95B
CAT,2019-12,-1.567B,8.284B,9.30B,11.38B,1.187B,2,1.97,7.761B,0,3.844B,2019-12,11.27B,1.098B,-112.00M,-112.00M,12.90B,0,26.28B,1.85B,11.90B,1.365B,276.00M,386.00M,13.14B,1.283B,14.59B,78.45B,5.935B,39.19B,26.62B,63.82B,39.26B,37.20B,1.994B,6.524B,17.90B
CAT,2019-09,-1.783B,7.906B,8.758B,12.32B,1.309B,2.69,2.66,7.772B,0,4.00B,2019-09,12.18B,1.494B,-103.00M,-103.00M,12.84B,0,25.59B,2.02B,11.39B,2.005B,518.00M,431.00M,12.76B,1.251B,14.95B,77.99B,5.951B,39.16B,27.20B,63.00B,38.83B,35.80B,1.98B,6.141B,17.47B
CAT,2019-06,-1.499B,7.429B,10.13B,11.51B,1.263B,2.85,2.83,7.944B,0,4.299B,2019-06,12.01B,1.62B,-103.00M,-103.00M,13.17B,0,24.76B,2.213B,12.80B,2.178B,565.00M,441.00M,14.43B,1.309B,14.84B,79.19B,5.822B,39.79B,27.74B,64.31B,39.40B,36.57B,2.086B,7.601B,18.54B
CAT,2019-03,-1.588B,7.128B,9.193B,11.54B,1.354B,3.29,3.25,7.998B,0,4.273B,2019-03,12.34B,1.881B,-103.00M,-103.00M,13.26B,0,24.24B,2.207B,12.14B,2.264B,387.00M,435.00M,13.47B,1.319B,15.44B,78.73B,5.804B,39.13B,27.39B,63.25B,39.60B,35.86B,2.066B,7.198B,17.89B
CAT,2018-12,-1.684B,7.857B,10.18B,11.55B,1.243B,1.8,1.78,8.114B,0,4.166B,2018-12,11.53B,1.048B,-99.00M,-99.00M,13.57B,0,25.00B,1.883B,13.50B,1.367B,321.00M,466.00M,14.34B,1.463B,14.04B,78.51B,5.827B,38.60B,28.22B,64.43B,39.91B,36.21B,2.283B,7.546B,17.45B
CAT,2018-09,-1.568B,8.007B,9.207B,10.33B,1.491B,2.92,2.88,8.209B,0,4.303B,2018-09,11.81B,1.727B,-102.00M,-102.00M,13.61B,0,25.44B,2.135B,12.34B,2.135B,415.00M,479.00M,13.51B,1.299B,15.85B,78.21B,5.715B,38.45B,26.03B,62.32B,39.76B,36.29B,2.168B,6.788B,16.80B
CAT,2018-06,-1.496B,8.654B,9.604B,12.47B,1.378B,2.86,2.82,8.288B,31.54B,4.407B,2018-06,11.26B,1.707B,-102.00M,-102.00M,13.75B,0,23.70B,2.167B,12.58B,2.186B,490.00M,462.00M,14.01B,1.44B,14.88B,78.99B,5.746B,38.64B,28.30B,64.04B,40.35B,35.74B,2.24B,7.342B,16.90B
CAT,2018-03,-1.016B,7.888B,8.732B,12.15B,1.399B,2.78,2.74,8.539B,31.94B,4.127B,2018-03,10.95B,1.665B,-101.00M,-101.00M,13.91B,0,23.16B,2.108B,11.96B,2.134B,472.00M,443.00M,12.86B,1.276B,15.21B,78.01B,5.64B,37.36B,27.40B,62.74B,40.66B,35.34B,2.019B,6.938B,16.67B
CAT,2017-12,-1.192B,8.261B,9.127B,11.03B,1.426B,-2.18,-2.18,8.311B,0,3.769B,2017-12,10.02B,-1.299B,-169.00M,-169.00M,14.16B,0,23.85B,1.387B,12.73B,1.111B,2.418B,498.00M,12.90B,1.38B,13.70B,76.96B,5.593B,36.24B,26.93B,63.20B,40.72B,36.26B,2.382B,6.953B,16.19B
CAT,2017-09,-1.233B,9.591B,7.841B,11.09B,1.51B,1.79,1.77,8.371B,0,3.572B,2017-09,10.21B,1.059B,-118.00M,-118.00M,14.19B,0,24.84B,1.509B,11.56B,1.523B,470.00M,461.00M,11.41B,1.254B,15.63B,78.56B,5.46B,37.18B,25.90B,62.86B,41.38B,36.96B,2.063B,6.113B,15.68B
CAT,2017-06,-1.471B,10.23B,7.978B,13.38B,1.533B,1.36,1.35,8.374B,0,3.353B,2017-06,9.388B,802.00M,-121.00M,-121.00M,14.42B,0,23.82B,1.184B,11.44B,1.159B,361.00M,458.00M,11.33B,1.304B,14.01B,78.51B,5.316B,36.99B,28.13B,64.43B,41.52B,36.30B,2.169B,6.239B,15.60B
CAT,2017-03,-1.827B,9.472B,6.96B,14.56B,1.383B,0.33,0.32,8.338B,0,2.862B,2017-03,9.082B,192.00M,-123.00M,-123.00M,14.73B,0,23.72B,380.00M,10.05B,289.00M,90.00M,425.00M,9.822B,1.061B,13.59B,77.55B,5.222B,35.55B,27.64B,63.89B,42.00B,36.25B,2.482B,5.302B,15.22B
CAT,2016-12,-2.039B,7.168B,7.425B,13.96B,1.167B,-2,-2,8.369B,0,2.149B,2016-12,8.614B,-1.171B,-120.00M,-120.00M,15.32B,0,22.82B,-3.00M,9.365B,-1.348B,-180.00M,424.00M,9.574B,1.18B,13.14B,74.70B,5.277B,31.97B,26.13B,61.49B,42.74B,35.36B,2.152B,5.066B,14.50B
CAT,2016-09,-1.527B,6.113B,6.674B,13.49B,1.161B,0.48,0.48,9.178B,0,2.486B,2016-09,9.478B,283.00M,-126.00M,-126.00M,15.68B,0,23.62B,481.00M,9.021B,383.00M,96.00M,453.00M,9.16B,992.00M,15.64B,76.40B,5.266B,32.00B,25.29B,60.69B,44.40B,35.40B,2.005B,4.713B,14.52B
CAT,2016-06,-1.633B,6.764B,7.567B,14.34B,1.259B,0.94,0.93,9.329B,0,2.775B,2016-06,9.458B,550.00M,-130.00M,-130.00M,15.92B,0,23.98B,785.00M,9.946B,739.00M,184.00M,468.00M,10.34B,1.123B,15.23B,78.30B,5.277B,33.61B,27.18B,63.00B,44.69B,35.81B,1.99B,5.554B,15.53B
CAT,2016-03,-1.493B,5.886B,6.974B,13.89B,1.328B,0.46,0.46,9.451B,0,2.487B,2016-03,9.849B,271.00M,-129.00M,-129.00M,15.94B,0,24.47B,494.00M,9.401B,365.00M,92.00M,508.00M,9.461B,1.088B,15.68B,78.31B,5.247B,33.75B,26.22B,62.55B,44.56B,36.34B,1.993B,5.101B,16.17B
CAT,2015-12,-2.035B,6.46B,8.387B,12.84B,1.146B,-0.15,-0.15,9.436B,31.98B,2.643B,2015-12,9.70B,-94.00M,-126.00M,-126.00M,16.09B,0,25.17B,-175.00M,10.58B,-247.00M,-158.00M,572.00M,11.03B,1.255B,14.81B,78.34B,5.238B,33.51B,26.24B,63.46B,44.83B,37.22B,2.818B,5.471B,15.69B
CAT,2015-09,-6.843B,6.046B,8.014B,12.34B,1.61B,0.95,0.94,9.387B,31.57B,2.948B,2015-09,11.15B,559.00M,-127.00M,-127.00M,15.96B,0,25.21B,925.00M,10.19B,783.00M,218.00M,513.00M,10.96B,1.129B,15.90B,78.97B,5.19B,35.28B,25.83B,63.00B,43.69B,37.17B,2.023B,5.206B,15.64B
CAT,2015-06,-6.729B,7.821B,8.822B,10.88B,1.754B,1.33,1.31,9.413B,31.32B,3.495B,2015-06,11.68B,802.00M,-125.00M,-125.00M,16.14B,0,27.44B,1.333B,11.23B,1.136B,335.00M,510.00M,12.32B,1.318B,17.09B,82.24B,5.142B,38.23B,25.61B,65.08B,44.02B,39.48B,2.162B,6.325B,16.42B
CAT,2015-03,-7.101B,7.563B,8.91B,11.97B,1.636B,2.06,2.03,9.383B,0,3.792B,2015-03,12.10B,1.245B,-129.00M,-129.00M,16.28B,0,26.80B,1.702B,11.22B,1.767B,521.00M,524.00M,12.70B,1.249B,16.96B,82.49B,5.101B,38.49B,26.57B,65.45B,44.00B,38.89B,2.09B,6.328B,16.62B
CAT,2014-12,-6.431B,7.341B,11.60B,11.50B,1.697B,1.25,1.23,9.77B,0,2.64B,2014-12,12.20B,-486.00M,-126.00M,-126.00M,16.58B,0,27.78B,-951.00M,12.92B,-991.00M,-509.00M,823.00M,14.24B,2.354B,16.75B,84.68B,5.016B,38.87B,27.88B,67.86B,45.81B,39.98B,3.591B,6.939B,16.76B
CAT,2014-09,-4.357B,6.082B,9.791B,11.10B,2.165B,1.66,1.63,10.01B,0,3.758B,2014-09,13.33B,1.017B,-128.00M,-128.00M,16.43B,0,28.18B,1.392B,12.47B,1.381B,364.00M,533.00M,13.55B,1.446B,18.82B,84.49B,4.968B,39.04B,27.59B,65.59B,45.45B,38.00B,2.366B,6.778B,17.01B
CAT,2014-06,-3.683B,7.927B,10.35B,12.94B,2.344B,1.6,1.57,10.37B,0,3.80B,2014-06,13.06B,999.00M,-120.00M,-120.00M,16.69B,0,27.31B,1.475B,12.68B,1.42B,419.00M,516.00M,14.15B,1.437B,20.86B,87.83B,4.89B,41.28B,29.74B,66.90B,46.55B,37.16B,2.325B,7.299B,17.52B
CAT,2014-03,-3.801B,5.345B,9.597B,11.29B,2.50B,1.47,1.44,10.50B,0,3.644B,2014-03,12.89B,922.00M,-110.00M,-110.00M,16.72B,0,26.80B,1.398B,11.66B,1.342B,418.00M,508.00M,13.24B,1.292B,20.30B,84.40B,4.773B,37.97B,27.30B,64.03B,46.43B,36.73B,2.246B,6.731B,17.40B
CAT,2013-12,-3.898B,6.081B,10.72B,11.03B,2.36B,1.57,1.54,10.55B,0,3.686B,2013-12,12.62B,1.003B,-109.00M,-109.00M,17.08B,0,26.72B,1.452B,12.06B,1.387B,376.00M,467.00M,14.40B,1.417B,20.81B,84.90B,4.709B,38.34B,27.30B,64.02B,46.56B,36.72B,2.234B,6.942B,17.18B
CAT,2013-09,-6.247B,6.357B,9.952B,13.52B,2.699B,1.48,1.45,10.69B,0,3.471B,2013-09,13.39B,946.00M,-116.00M,-116.00M,16.59B,0,26.02B,1.401B,11.04B,1.261B,310.00M,469.00M,13.42B,1.319B,18.11B,87.27B,4.657B,40.09B,29.12B,69.10B,47.18B,39.98B,2.07B,6.28B,17.81B
CAT,2013-06,-6.698B,6.11B,10.96B,13.87B,2.738B,1.48,1.45,10.58B,29.93B,3.663B,2013-06,13.89B,960.00M,-120.00M,-120.00M,16.35B,0,25.68B,1.557B,11.53B,1.353B,387.00M,548.00M,14.62B,1.421B,17.62B,87.38B,4.591B,40.80B,29.92B,69.70B,46.57B,39.78B,2.106B,6.731B,18.34B
CAT,2013-03,-6.669B,5.982B,9.828B,13.25B,2.92B,1.34,1.31,10.72B,27.33B,3.382B,2013-03,15.07B,880.00M,-120.00M,-120.00M,16.28B,0,27.24B,1.218B,10.94B,1.127B,246.00M,562.00M,13.21B,1.39B,18.27B,88.74B,4.51B,42.14B,28.97B,70.42B,46.60B,41.45B,2.164B,6.221B,18.67B
CAT,2012-12,-6.433B,5.49B,12.10B,12.39B,2.638B,1.07,1.04,10.96B,0,3.978B,2012-12,15.55B,697.00M,-115.00M,-115.00M,16.46B,0,27.75B,1.618B,12.33B,912.00M,214.00M,613.00M,16.08B,1.591B,17.53B,88.97B,4.481B,42.14B,29.42B,71.39B,46.83B,41.97B,2.36B,6.753B,18.57B
CAT,2012-09,-5.988B,5.689B,11.84B,13.33B,3.035B,2.6,2.54,11.54B,0,4.609B,2012-09,17.55B,1.699B,-129.00M,-129.00M,15.51B,0,26.53B,2.596B,11.55B,2.45B,753.00M,634.00M,16.44B,1.471B,17.88B,90.54B,4.449B,44.64B,31.75B,72.60B,45.90B,40.86B,2.013B,7.978B,18.68B
CAT,2012-06,-6.15B,5.103B,12.48B,12.06B,3.132B,2.6,2.54,11.56B,0,4.896B,2012-06,17.34B,1.699B,-110.00M,-110.00M,14.93B,0,27.26B,2.616B,12.34B,2.576B,872.00M,632.00M,17.37B,1.517B,15.93B,88.84B,4.373B,44.29B,31.27B,72.86B,44.54B,41.58B,2.28B,8.809B,18.83B
CAT,2012-03,-6.033B,2.864B,11.44B,10.76B,2.921B,2.44,2.37,11.37B,0,4.54B,2012-03,16.51B,1.586B,-113.00M,-113.00M,14.57B,0,25.19B,2.323B,11.79B,2.298B,689.00M,587.00M,15.98B,1.34B,14.97B,83.91B,4.351B,40.21B,28.85B,68.44B,43.70B,39.59B,2.217B,8.36B,18.30B
CAT,2011-12,-6.328B,3.057B,13.59B,9.648B,2.487B,2.39,2.32,11.45B,0,3.654B,2011-12,14.54B,1.547B,516.00M,516.00M,14.40B,0,24.94B,482.00M,14.26B,1.978B,416.00M,604.00M,17.24B,1.487B,12.88B,81.22B,4.273B,37.90B,28.36B,68.29B,43.32B,39.93B,3.172B,8.459B,17.72B
CAT,2011-09,-4.019B,3.229B,11.46B,7.508B,2.745B,1.76,1.71,12.31B,0,4.261B,2011-09,14.41B,1.141B,-323.00M,-323.00M,13.40B,0,26.78B,2.317B,10.71B,1.634B,474.00M,584.00M,15.72B,1.36B,14.16B,77.77B,4.229B,36.86B,25.22B,63.06B,40.90B,37.84B,1.944B,7.524B,17.31B
CAT,2011-06,-3.544B,10.72B,10.30B,8.456B,1.823B,1.57,1.52,3.385B,0,3.927B,2011-06,11.36B,1.015B,-299.00M,-299.00M,12.43B,0,25.93B,2.086B,10.00B,1.35B,318.00M,584.00M,14.23B,1.257B,13.39B,73.61B,4.165B,40.76B,23.51B,59.72B,32.86B,36.20B,1.841B,7.155B,17.03B
CAT,2011-03,-3.724B,4.869B,9.057B,9.691B,1.728B,1.91,1.84,3.402B,0,3.892B,2011-03,10.68B,1.225B,-290.00M,-290.00M,12.22B,0,19.90B,2.268B,8.853B,1.763B,512.00M,525.00M,12.95B,1.099B,12.63B,66.39B,4.044B,34.61B,23.15B,53.26B,31.78B,30.11B,1.624B,5.99B,17.29B
