Ticker,Date,Accrued Comprehensive Inc,Cash and Short Term Investments,Cost of Goods Sold,Current Debt & Capital Lease Obligation,Current Deferred Liabilities,EPS Basic,EPS Diluted,Goodwill and Intangibles,Gross PP&E,Gross Profit,Income (Quarterly),Net Income,Net Non-Operating Interest Income Expense,Net Operating Interest Income,Net PP&E,Non-Current Deferred Liabilities,Non-Current Portion of LTD and Capital Lease Obligation,Operating Income,Payables and Accrued Expenses,Pre-Tax Income,Provision for Income Taxes,Revenue,SG&A Expense,Shareholders Equity,Total Assets,Total Capital Stock,Total Current Assets,Total Current Liabilities,Total Liabilities,Total Long Term Assets,Total Long Term Liabilities,Total Operating Expenses,Total Payables,Total Receivables
CBOE,2020-12,75.00M,337.80M,594.60M,68.70M,10.20M,0.81,0.81,4.662B,340.10M,249.60M,2020-12,87.30M,-13.60M,-13.60M,193.60M,377.60M,1.267B,163.60M,358.00M,122.90M,35.60M,844.20M,35.00M,3.349B,6.516B,1.20M,1.567B,1.313B,3.168B,4.950B,1.854B,86.00M,284.80M,390.40M
CBOE,2020-09,29.00M,235.50M,559.90M,70.00M,13.70M,1.01,1.01,4.397B,336.90M,232.80M,2020-09,109.90M,-9.50M,-9.50M,198.70M,396.80M,1.005B,145.50M,219.30M,163.40M,53.50M,792.70M,32.10M,3.344B,6.077B,1.20M,1.382B,1.128B,2.732B,4.694B,1.604B,87.30M,153.10M,341.60M
CBOE,2020-06,-2.60M,386.60M,626.70M,299.90M,17.30M,1.04,1.03,4.283B,317.50M,242.00M,2020-06,113.60M,-7.30M,-7.30M,193.40M,384.90M,1.006B,171.10M,448.40M,156.60M,43.00M,868.70M,25.70M,3.286B,5.366B,1.20M,781.20M,496.50M,2.08B,4.585B,1.584B,70.90M,292.60M,376.80M
CBOE,2020-03,0.10M,208.80M,616.50M,299.80M,17.20M,1.42,1.42,4.309B,306.40M,305.00M,2020-03,157.40M,-7.30M,-7.30M,184.70M,392.20M,996.40M,227.20M,325.20M,217.50M,60.10M,921.50M,28.90M,3.310B,5.238B,1.20M,632.10M,358.10M,1.927B,4.605B,1.569B,77.80M,155.40M,408.00M
CBOE,2019-12,37.60M,300.30M,367.30M,299.60M,4.50M,0.78,0.77,4.302B,219.00M,231.30M,2019-12,86.30M,-7.80M,-7.80M,100.40M,399.70M,914.30M,127.90M,239.70M,114.20M,27.90M,598.60M,30.90M,3.356B,5.114B,1.20M,607.60M,281.60M,1.758B,4.506B,1.477B,103.40M,185.10M,291.50M
CBOE,2019-09,-9.10M,171.40M,431.10M,0,8.10M,0.95,0.94,4.295B,226.00M,244.30M,2019-09,106.00M,-8.20M,-8.20M,102.40M,418.20M,914.50M,164.10M,158.60M,140.90M,35.00M,675.40M,30.80M,3.329B,5.019B,1.20M,489.50M,199.00M,1.691B,4.530B,1.492B,80.20M,45.20M,300.50M
CBOE,2019-06,8.10M,244.20M,389.60M,0,13.20M,0.79,0.78,4.36B,225.50M,231.00M,2019-06,88.30M,-10.00M,-10.00M,104.70M,426.70M,963.50M,146.00M,245.10M,119.60M,35.10M,620.60M,34.00M,3.327B,5.159B,1.20M,577.40M,285.80M,1.832B,4.582B,1.546B,85.00M,140.30M,316.30M
CBOE,2019-03,26.20M,376.40M,370.20M,0,18.20M,0.85,0.85,4.422B,305.20M,232.40M,2019-03,95.40M,-9.90M,-9.90M,129.90M,433.40M,966.20M,148.80M,175.10M,127.80M,32.60M,602.60M,30.70M,3.285B,5.330B,1.20M,683.20M,511.40M,2.045B,4.647B,1.534B,83.60M,67.30M,291.30M
CBOE,2018-12,11.50M,310.80M,474.00M,0,8.50M,1.23,1.23,4.446B,248.30M,273.70M,2018-12,138.80M,-9.70M,-9.70M,76.60M,436.80M,915.60M,183.20M,231.30M,175.70M,37.30M,747.70M,33.00M,3.241B,5.321B,1.20M,683.70M,595.90M,2.08B,4.637B,1.484B,90.50M,108.40M,357.70M
CBOE,2018-09,25.80M,137.70M,357.20M,0,13.40M,0.76,0.76,4.500B,241.80M,218.70M,2018-09,86.00M,-9.60M,-9.60M,70.80M,475.40M,915.10M,132.00M,129.50M,116.30M,30.60M,575.90M,29.80M,3.152B,5.120B,1.20M,435.50M,478.90M,1.968B,4.684B,1.489B,86.70M,30.80M,281.70M
CBOE,2018-06,34.20M,271.80M,441.40M,299.50M,17.40M,0.74,0.73,4.552B,238.30M,226.10M,2018-06,83.30M,-9.30M,-9.30M,70.30M,473.50M,914.60M,137.70M,318.70M,119.80M,36.80M,667.50M,32.60M,3.150B,5.317B,1.20M,584.00M,679.90M,2.167B,4.733B,1.487B,88.40M,214.90M,299.10M
CBOE,2018-03,75.50M,230.30M,508.10M,0,19.60M,1.04,1.04,4.631B,234.70M,269.60M,2018-03,118.40M,-9.60M,-9.60M,79.10M,461.20M,1.213B,176.50M,289.00M,159.40M,41.30M,777.70M,33.80M,3.175B,5.328B,1.20M,512.30M,384.30M,2.153B,4.816B,1.769B,93.10M,222.30M,268.40M
CBOE,2017-12,50.70M,190.80M,408.30M,0,15.40M,2.27,2.26,4.651B,227.90M,212.40M,2017-12,257.40M,-10.40M,-10.40M,78.80M,488.20M,1.238B,117.70M,244.00M,104.10M,-153.00M,620.70M,33.50M,3.111B,5.266B,1.20M,434.70M,334.00M,2.155B,4.831B,1.821B,94.70M,159.80M,234.50M
CBOE,2017-09,50.00M,127.20M,392.10M,0,11.40M,0.53,0.53,4.674B,262.00M,219.30M,2017-09,60.50M,-10.50M,-10.50M,82.10M,715.70M,1.312B,124.80M,156.10M,105.90M,45.60M,611.40M,33.50M,2.878B,5.228B,1.20M,374.30M,238.00M,2.350B,4.854B,2.112B,94.50M,76.60M,231.00M
CBOE,2017-06,29.60M,259.00M,423.90M,0,14.30M,0.6,0.6,4.702B,253.10M,216.90M,2017-06,68.30M,-12.50M,-12.50M,80.50M,703.40M,1.411B,122.50M,293.90M,106.10M,38.10M,640.80M,33.10M,2.817B,5.396B,1.20M,519.70M,376.30M,2.579B,4.876B,2.203B,94.40M,218.70M,242.00M
CBOE,2017-03,2.10M,194.60M,210.60M,0,18.00M,0.16,0.16,4.719B,246.10M,145.60M,2017-03,15.20M,-7.90M,-7.90M,79.50M,720.60M,1.487B,91.30M,228.60M,18.30M,3.10M,356.20M,25.20M,2.745B,5.345B,1.20M,455.70M,260.90M,2.600B,4.889B,2.339B,54.30M,147.00M,245.30M
CBOE,2016-12,-0.80M,97.30M,77.10M,0,3.10M,0.55,0.55,98.10M,220.90M,113.70M,2016-12,45.40M,-5.50M,-5.50M,60.80M,0,0,79.90M,61.70M,74.90M,29.80M,190.80M,21.00M,317.90M,476.70M,0.90M,235.10M,89.90M,158.80M,241.60M,68.90M,33.80M,18.10M,130.40M
CBOE,2016-09,-0.775M,72.76M,60.80M,0,7.01M,0.5,0.5,96.46M,237.00M,107.90M,2016-09,40.80M,-0.20M,-0.20M,64.82M,5.753M,0,74.40M,54.55M,67.40M,26.90M,168.70M,20.90M,289.56M,441.34M,0.929M,206.58M,81.12M,151.78M,234.76M,70.66M,33.50M,10.75M,120.47M
CBOE,2016-06,-0.784M,52.19M,57.50M,0,10.88M,0.62,0.62,94.03M,232.54M,115.60M,2016-06,51.20M,0,0,66.04M,4.967M,0,78.00M,47.81M,83.80M,32.90M,173.10M,22.90M,265.76M,406.64M,0.929M,173.87M,76.63M,140.88M,232.77M,64.25M,37.60M,9.486M,110.67M
CBOE,2016-03,-0.795M,107.48M,54.50M,0,14.73M,0.6,0.6,93.68M,224.50M,116.00M,2016-03,49.40M,0.70M,0.70M,62.98M,5.144M,0,79.50M,56.55M,80.50M,31.30M,170.50M,21.80M,247.93M,394.83M,0.929M,184.69M,83.35M,146.90M,210.14M,63.55M,36.50M,18.93M,68.97M
CBOE,2015-12,-0.824M,102.25M,76.10M,0,4.019M,0.61,0.61,66.97M,220.93M,109.10M,2015-12,50.38M,0.016M,0.016M,65.27M,5.309M,0,75.87M,44.57M,79.64M,29.26M,185.20M,18.73M,259.64M,384.79M,0.927M,204.12M,74.00M,125.14M,180.67M,51.15M,33.24M,9.536M,96.12M
CBOE,2015-09,-0.838M,121.68M,51.42M,0,7.488M,0.81,0.81,67.90M,219.23M,135.61M,2015-09,67.52M,-0.016M,-0.016M,63.14M,11.86M,0,101.11M,51.84M,101.45M,33.94M,187.04M,19.95M,259.82M,397.42M,0.927M,222.70M,78.66M,137.60M,174.72M,58.94M,34.50M,11.79M,92.00M
CBOE,2015-06,-0.852M,89.63M,40.89M,0,10.94M,0.54,0.54,57.00M,362.13M,107.83M,2015-06,44.84M,0,0,67.08M,14.11M,0,73.37M,50.77M,73.63M,28.79M,148.72M,20.56M,227.02M,362.11M,0.927M,194.62M,72.46M,135.09M,167.49M,62.63M,34.46M,14.36M,94.25M
CBOE,2015-03,-0.87M,137.56M,39.59M,0,14.07M,0.5,0.5,56.03M,358.25M,103.25M,2015-03,42.26M,0,0,67.64M,14.17M,0,69.55M,48.55M,69.28M,27.02M,142.84M,20.56M,243.74M,375.80M,0.927M,209.38M,70.71M,132.06M,166.41M,61.35M,33.70M,14.77M,61.90M
CBOE,2014-12,-0.689M,147.93M,48.62M,0,1.988M,0.58,0.58,55.67M,359.66M,117.87M,2014-12,49.34M,0,0,71.77M,13.68M,0,86.96M,48.54M,83.95M,34.60M,166.49M,17.06M,250.07M,383.90M,0.926M,244.11M,73.66M,133.83M,139.79M,60.17M,30.90M,15.79M,90.59M
CBOE,2014-09,-0.708M,126.52M,44.93M,0,7.211M,0.57,0.57,54.15M,357.65M,103.98M,2014-09,48.37M,0,0,75.29M,12.77M,0,75.08M,42.19M,74.81M,26.45M,148.91M,15.82M,245.12M,367.09M,0.926M,222.73M,68.28M,121.96M,144.36M,53.68M,28.89M,12.96M,88.01M
CBOE,2014-06,-0.712M,145.11M,45.01M,0,11.71M,0.5,0.5,51.99M,352.44M,98.93M,2014-06,42.98M,0,0,75.14M,13.50M,0,69.72M,43.49M,69.40M,26.41M,143.94M,16.20M,263.89M,385.78M,0.926M,243.94M,69.03M,121.89M,141.85M,52.86M,29.21M,13.60M,87.71M
CBOE,2014-03,-0.735M,199.06M,49.28M,0,14.17M,0.56,0.56,48.16M,348.05M,108.61M,2014-03,49.02M,0,0,74.09M,13.97M,0,82.04M,51.53M,81.54M,32.52M,157.88M,15.21M,286.68M,412.84M,0.92M,276.02M,74.46M,126.16M,136.82M,51.71M,26.57M,21.62M,68.76M
CBOE,2013-12,-1.05M,221.34M,133.13M,0,1.10M,0.52,0.52,45.94M,341.82M,8.702M,2013-12,46.11M,0,0,72.21M,13.74M,0,72.60M,84.04M,72.15M,26.04M,141.83M,-30.04M,284.52M,441.59M,0.919M,308.86M,107.46M,157.07M,132.73M,49.61M,-63.90M,57.49M,80.80M
CBOE,2013-09,-1.066M,226.38M,13.84M,0,9.131M,0.47,0.47,44.02M,339.54M,122.90M,2013-09,41.36M,0,0,74.16M,16.47M,0,68.43M,38.75M,67.91M,26.55M,136.74M,29.84M,325.40M,441.15M,0.919M,308.93M,65.40M,115.75M,132.22M,50.35M,54.47M,11.16M,75.28M
CBOE,2013-06,-1.084M,207.77M,14.52M,0,16.64M,0.52,0.52,42.82M,336.79M,136.25M,2013-06,46.16M,-0.325M,-0.325M,76.20M,19.36M,0,75.36M,40.32M,74.88M,28.72M,150.77M,33.83M,309.91M,429.86M,0.918M,296.68M,70.27M,119.96M,133.19M,49.68M,60.90M,13.17M,80.11M
CBOE,2013-03,-1.101M,210.49M,13.17M,0,23.78M,0.48,0.48,42.79M,333.72M,129.54M,2013-03,42.37M,-0.211M,-0.211M,77.19M,20.34M,0,69.43M,53.72M,68.71M,26.34M,142.70M,32.90M,274.73M,409.62M,0.913M,275.42M,85.75M,134.90M,134.20M,49.15M,60.11M,21.83M,57.87M
CBOE,2012-12,-0.893M,135.60M,11.64M,0,1.084M,0.45,0.45,42.72M,330.60M,118.44M,2012-12,39.72M,-0.162M,-0.162M,78.96M,20.99M,0,59.75M,32.65M,59.40M,19.67M,130.08M,28.43M,239.12M,338.86M,0.913M,202.91M,52.15M,99.74M,135.95M,47.59M,58.69M,6.543M,62.60M
CBOE,2012-09,-0.907M,160.28M,11.30M,0,8.713M,0.52,0.52,42.38M,333.60M,117.02M,2012-09,45.76M,-0.183M,-0.183M,82.44M,21.86M,0,60.86M,33.74M,60.53M,14.78M,128.32M,29.71M,275.52M,377.53M,0.913M,238.45M,56.09M,102.00M,139.08M,45.92M,56.15M,11.13M,70.64M
CBOE,2012-06,-0.922M,127.14M,12.00M,0,17.36M,0.44,0.44,43.48M,330.48M,120.55M,2012-06,38.50M,0,0,84.17M,19.80M,0,66.07M,36.00M,65.66M,27.16M,132.55M,28.60M,239.91M,343.81M,0.913M,201.95M,63.91M,103.90M,141.86M,39.99M,54.48M,11.78M,64.94M
CBOE,2012-03,-0.936M,148.63M,11.19M,0,20.40M,0.37,0.37,42.80M,323.62M,110.20M,2012-03,33.42M,0,0,81.54M,20.31M,0,57.42M,62.16M,56.96M,23.54M,121.39M,27.46M,231.20M,353.44M,0.908M,214.87M,82.64M,122.24M,138.57M,39.60M,52.79M,62.16M,58.22M
CBOE,2011-12,-0.899M,134.94M,47.82M,0,0.351M,0.35,0.35,42.17M,320.00M,72.39M,2011-12,31.81M,0,0,81.71M,21.44M,0,52.68M,33.49M,52.34M,20.53M,120.21M,-53.96M,236.27M,327.87M,0.908M,189.68M,52.29M,91.60M,138.19M,39.31M,19.71M,7.642M,49.53M
CBOE,2011-09,-0.914M,147.22M,0,0,11.24M,0.45,0.45,7.727M,316.80M,143.60M,2011-09,41.33M,0,0,82.50M,19.58M,0,74.97M,53.88M,74.56M,33.24M,143.60M,58.14M,245.70M,344.64M,0.906M,207.32M,65.15M,98.94M,137.32M,33.80M,68.64M,53.88M,53.37M
CBOE,2011-06,-0.925M,106.54M,0,0,20.49M,0.36,0.36,5.404M,316.28M,120.29M,2011-06,33.40M,0,0,86.40M,21.68M,0,56.45M,40.38M,56.29M,22.89M,120.29M,53.26M,227.29M,319.42M,0.906M,177.55M,60.92M,92.13M,141.87M,31.21M,63.84M,40.38M,62.49M
CBOE,2011-03,-0.938M,115.69M,0,0,28.60M,0.36,0.36,43.36M,312.33M,124.04M,2011-03,32.87M,0,0,86.29M,22.86M,0,57.54M,56.86M,56.89M,24.02M,124.04M,56.82M,202.96M,320.82M,0.901M,179.02M,85.54M,117.86M,141.80M,32.32M,66.51M,56.86M,55.56M
