Ticker,Date,Accrued Comprehensive Inc,Cash and Short Term Investments,Cost of Goods Sold,Current Debt & Capital Lease Obligation,Current Deferred Liabilities,EPS Basic,EPS Diluted,Goodwill and Intangibles,Gross PP&E,Gross Profit,Income (Quarterly),Inventories,Net Income,Net Non-Operating Interest Income Expense,Net Operating Interest Income,Net PP&E,Non-Current Deferred Liabilities,Non-Current Portion of LTD and Capital Lease Obligation,Operating Income,Payables and Accrued Expenses,Pre-Tax Income,Provision for Income Taxes,Research and Development Expense,Revenue,SG&A Expense,Shareholders Equity,Total Assets,Total Capital Stock,Total Current Assets,Total Current Liabilities,Total Liabilities,Total Long Term Assets,Total Long Term Liabilities,Total Operating Expenses,Total Payables,Total Receivables
CE,2021-03,-302.00M,1.122B,1.313B,533.00M,0,2.84,2.82,1.442B,7.406B,485.00M,2021-03,1.025B,322.00M,-24.00M,-24.00M,4.097B,579.00M,3.322B,322.00M,1.189B,409.00M,85.00M,20.00M,1.798B,137.00M,3.542B,10.76B,0,3.71B,1.935B,6.849B,7.046B,4.914B,163.00M,1.066B,1.51B
CE,2020-12,-328.00M,1.488B,1.215B,532.00M,0,12.56,12.5,1.485B,7.45B,376.00M,2020-12,978.00M,1.453B,-24.00M,-24.00M,4.171B,560.00M,3.435B,214.00M,1.087B,1.571B,117.00M,20.00M,1.591B,137.00M,3.526B,10.91B,0,3.763B,1.973B,7.014B,7.146B,5.041B,162.00M,937.00M,1.242B
CE,2020-09,-344.00M,650.00M,1.084B,989.00M,0,1.75,1.75,1.445B,7.262B,327.00M,2020-09,1.001B,207.00M,-27.00M,-27.00M,4.061B,213.00M,3.331B,196.00M,1.066B,241.00M,30.00M,19.00M,1.411B,106.00M,2.508B,9.769B,0,2.771B,2.409B,6.885B,6.998B,4.476B,131.00M,935.00M,1.063B
CE,2020-06,-346.00M,575.00M,951.00M,1.074B,0,0.9,0.9,1.415B,7.013B,242.00M,2020-06,1.031B,107.00M,-26.00M,-26.00M,3.926B,305.00M,3.172B,104.00M,859.00M,147.00M,35.00M,18.00M,1.193B,114.00M,2.487B,9.506B,0,2.709B,2.262B,6.637B,6.797B,4.375B,138.00M,743.00M,1.041B
CE,2020-03,-341.00M,608.00M,1.112B,778.00M,0,1.83,1.82,1.358B,6.88B,348.00M,2020-03,1.036B,218.00M,-26.00M,-26.00M,3.879B,306.00M,3.531B,201.00M,912.00M,292.00M,65.00M,17.00M,1.46B,125.00M,2.448B,9.545B,0,2.855B,1.928B,6.709B,6.69B,4.781B,147.00M,815.00M,1.16B
CE,2019-12,-300.00M,503.00M,1.116B,525.00M,0,0.36,0.36,1.386B,6.873B,316.00M,2019-12,1.038B,43.00M,-26.00M,-26.00M,3.916B,306.00M,3.59B,168.00M,950.00M,41.00M,-3.00M,17.00M,1.432B,125.00M,2.507B,9.476B,0,2.765B,1.754B,6.578B,6.711B,4.824B,148.00M,832.00M,1.181B
CE,2019-09,-306.00M,523.00M,1.172B,399.00M,0,2.14,2.13,1.368B,6.639B,414.00M,2019-09,994.00M,263.00M,-26.00M,-26.00M,3.791B,317.00M,3.541B,271.00M,943.00M,323.00M,53.00M,17.00M,1.586B,120.00M,2.747B,9.414B,0,2.843B,1.533B,6.275B,6.571B,4.742B,143.00M,835.00M,1.282B
CE,2019-06,-267.00M,518.00M,1.169B,350.00M,0,1.67,1.66,1.41B,6.679B,423.00M,2019-06,1.011B,209.00M,-31.00M,-31.00M,3.851B,316.00M,3.636B,282.00M,899.00M,239.00M,28.00M,17.00M,1.592B,118.00M,2.864B,9.506B,0,2.876B,1.408B,6.252B,6.63B,4.844B,141.00M,804.00M,1.303B
CE,2019-03,-243.00M,470.00M,1.234B,775.00M,0,2.64,2.63,1.407B,6.802B,453.00M,2019-03,1.009B,337.00M,-30.00M,-30.00M,3.931B,323.00M,3.126B,311.00M,894.00M,385.00M,46.00M,16.00M,1.687B,120.00M,3.047B,9.574B,0,2.884B,1.822B,6.135B,6.69B,4.313B,142.00M,807.00M,1.358B
CE,2018-12,-247.00M,470.00M,1.269B,561.00M,0,0.75,0.75,1.367B,6.522B,420.00M,2018-12,1.046B,99.00M,-29.00M,-29.00M,3.719B,306.00M,2.97B,262.00M,1.037B,174.00M,76.00M,18.00M,1.689B,134.00M,2.984B,9.313B,0,2.874B,1.779B,5.934B,6.439B,4.155B,158.00M,897.00M,1.318B
CE,2018-09,-219.00M,734.00M,1.255B,229.00M,0,2.98,2.96,1.381B,6.438B,516.00M,2018-09,1.033B,401.00M,-28.00M,-28.00M,3.699B,298.00M,3.196B,364.00M,1.117B,462.00M,54.00M,18.00M,1.771B,129.00M,3.541B,9.824B,0,3.18B,1.532B,5.881B,6.644B,4.349B,152.00M,987.00M,1.365B
CE,2018-06,-188.00M,740.00M,1.323B,366.00M,0,2.54,2.52,1.394B,6.42B,521.00M,2018-06,917.00M,344.00M,-32.00M,-32.00M,3.724B,300.00M,3.228B,360.00M,1.081B,442.00M,97.00M,18.00M,1.844B,136.00M,3.38B,9.789B,0,3.153B,1.61B,6.002B,6.636B,4.392B,161.00M,964.00M,1.445B
CE,2018-03,-128.00M,522.00M,1.336B,425.00M,0,2.67,2.66,1.443B,6.487B,515.00M,2018-03,955.00M,363.00M,-31.00M,-31.00M,3.801B,273.00M,3.343B,344.00M,1.02B,432.00M,65.00M,18.00M,1.851B,147.00M,3.253B,9.78B,0,3.006B,1.602B,6.115B,6.774B,4.513B,171.00M,930.00M,1.476B
CE,2017-12,-177.00M,608.00M,1.18B,326.00M,0,1.49,1.49,1.304B,6.346B,413.00M,2017-12,900.00M,203.00M,-31.00M,-31.00M,3.762B,264.00M,3.315B,244.00M,1.025B,265.00M,60.00M,20.00M,1.593B,143.00M,2.887B,9.538B,0,2.792B,1.559B,6.239B,6.746B,4.68B,169.00M,895.00M,1.23B
CE,2017-09,-206.00M,492.00M,1.183B,435.00M,0,1.65,1.65,1.298B,6.214B,383.00M,2017-09,809.00M,226.00M,-31.00M,-31.00M,3.706B,248.00M,2.954B,226.00M,904.00M,289.00M,57.00M,19.00M,1.566B,133.00M,2.715B,9.062B,0,2.613B,1.55B,5.927B,6.449B,4.377B,157.00M,795.00M,1.249B
CE,2017-06,-247.00M,541.00M,1.145B,384.00M,0,1.67,1.66,1.277B,6.082B,365.00M,2017-06,771.00M,231.00M,-29.00M,-29.00M,3.663B,217.00M,2.931B,226.00M,825.00M,281.00M,40.00M,17.00M,1.51B,117.00M,2.694B,8.883B,0,2.583B,1.424B,5.761B,6.30B,4.337B,139.00M,731.00M,1.212B
CE,2017-03,-327.00M,532.00M,1.121B,107.00M,0,1.3,1.3,992.00M,5.878B,350.00M,2017-03,717.00M,183.00M,-29.00M,-29.00M,3.571B,190.00M,2.851B,226.00M,741.00M,240.00M,56.00M,17.00M,1.471B,103.00M,2.611B,8.288B,0,2.389B,1.015B,5.247B,5.899B,4.232B,124.00M,667.00M,1.102B
CE,2016-12,-358.00M,668.00M,989.00M,118.00M,0,1.14,1.13,990.00M,5.816B,322.00M,2016-12,720.00M,160.00M,-28.00M,-28.00M,3.577B,180.00M,2.89B,154.00M,770.00M,156.00M,-5.00M,20.00M,1.311B,146.00M,2.588B,8.357B,0,2.472B,1.077B,5.336B,5.885B,4.259B,168.00M,658.00M,1.024B
CE,2016-09,-310.00M,1.286B,968.00M,92.00M,0,1.82,1.81,831.00M,5.806B,355.00M,2016-09,652.00M,262.00M,-32.00M,-32.00M,3.578B,192.00M,2.923B,251.00M,836.00M,281.00M,15.00M,20.00M,1.323B,81.00M,2.71B,8.757B,0,2.978B,1.098B,5.606B,5.779B,4.508B,104.00M,731.00M,1.005B
CE,2016-06,-301.00M,770.00M,1.013B,119.00M,0,1.51,1.5,832.00M,5.752B,338.00M,2016-06,636.00M,221.00M,-30.00M,-30.00M,3.588B,170.00M,2.464B,246.00M,783.00M,275.00M,52.00M,19.00M,1.351B,71.00M,2.602B,8.248B,0,2.456B,1.087B,5.197B,5.792B,4.11B,92.00M,696.00M,1.009B
CE,2016-03,-283.00M,747.00M,1.014B,116.00M,30.00M,1.74,1.73,847.00M,5.772B,390.00M,2016-03,667.00M,257.00M,-34.00M,-34.00M,3.64B,172.00M,2.487B,289.00M,804.00M,318.00M,60.00M,19.00M,1.404B,80.00M,2.645B,8.392B,0,2.503B,1.095B,5.294B,5.889B,4.199B,101.00M,720.00M,1.042B
CE,2015-12,-348.00M,997.00M,1.075B,513.00M,7.00M,-1.94,-1.94,830.00M,5.648B,259.00M,2015-12,682.00M,-298.00M,-33.00M,-33.00M,3.609B,192.00M,2.468B,27.00M,815.00M,-270.00M,31.00M,21.00M,1.334B,209.00M,2.378B,8.586B,0,2.787B,1.55B,5.757B,5.799B,4.207B,232.00M,690.00M,991.00M
CE,2015-09,-292.00M,982.00M,1.11B,463.00M,6.00M,1.07,1.07,838.00M,5.768B,303.00M,2015-09,738.00M,161.00M,-29.00M,-29.00M,3.778B,181.00M,2.541B,188.00M,864.00M,225.00M,74.00M,19.00M,1.413B,93.00M,2.766B,8.908B,0,2.796B,1.516B,5.711B,6.112B,4.195B,115.00M,738.00M,1.024B
CE,2015-06,-281.00M,1.017B,1.102B,123.00M,6.00M,1.34,1.33,841.00M,5.701B,375.00M,2015-06,762.00M,205.00M,-29.00M,-29.00M,3.771B,188.00M,2.552B,207.00M,951.00M,227.00M,24.00M,59.00M,1.477B,106.00M,3.076B,8.988B,0,2.923B,1.268B,5.503B,6.065B,4.235B,168.00M,857.00M,1.099B
CE,2015-03,-322.00M,880.00M,1.069B,128.00M,7.00M,1.54,1.53,823.00M,5.495B,381.00M,2015-03,744.00M,236.00M,-27.00M,-27.00M,3.685B,191.00M,2.536B,260.00M,832.00M,306.00M,72.00M,20.00M,1.45B,98.00M,2.861B,8.626B,0,2.696B,1.195B,5.427B,5.93B,4.232B,121.00M,736.00M,1.012B
CE,2014-12,-165.00M,812.00M,1.165B,137.00M,10.00M,-0.55,-0.55,881.00M,5.549B,394.00M,2014-12,782.00M,-84.00M,-56.00M,-56.00M,3.733B,209.00M,2.586B,-45.00M,923.00M,-31.00M,52.00M,18.00M,1.559B,417.00M,2.818B,8.796B,0,2.698B,1.338B,5.718B,6.098B,4.38B,439.00M,775.00M,1.042B
CE,2014-09,-190.00M,1.546B,1.333B,765.00M,10.00M,1.64,1.63,887.00M,5.403B,436.00M,2014-09,771.00M,253.00M,-42.00M,-42.00M,3.618B,297.00M,2.639B,291.00M,1.098B,347.00M,90.00M,22.00M,1.769B,118.00M,2.944B,9.71B,0,3.687B,2.189B,6.575B,6.023B,4.386B,145.00M,945.00M,1.216B
CE,2014-06,-53.00M,1.103B,1.361B,158.00M,10.00M,1.66,1.66,934.00M,5.347B,408.00M,2014-06,816.00M,259.00M,-38.00M,-38.00M,3.577B,306.00M,2.88B,260.00M,1.035B,352.00M,94.00M,24.00M,1.769B,119.00M,2.955B,9.333B,0,3.339B,1.543B,6.232B,5.994B,4.689B,148.00M,917.00M,1.276B
CE,2014-03,-14.00M,1.041B,1.327B,157.00M,10.00M,1.25,1.25,943.00M,5.231B,378.00M,2014-03,816.00M,196.00M,-39.00M,-39.00M,3.519B,300.00M,2.881B,246.00M,992.00M,273.00M,78.00M,22.00M,1.705B,104.00M,2.812B,9.129B,0,3.246B,1.51B,6.209B,5.883B,4.699B,132.00M,877.00M,1.242B
CE,2013-12,-4.00M,1.025B,1.249B,177.00M,0,4.16,4.15,940.00M,5.097B,367.00M,2013-12,804.00M,654.00M,-42.00M,-42.00M,3.425B,306.00M,2.887B,354.00M,949.00M,955.00M,299.00M,12.00M,1.616B,-5.00M,2.699B,9.018B,0,3.182B,1.545B,6.319B,5.836B,4.774B,13.00M,829.00M,1.21B
CE,2013-09,-47.00M,1.144B,1.29B,224.00M,25.00M,1.09,1.08,934.00M,3.391B,346.00M,2013-09,753.00M,172.00M,-44.00M,-44.00M,3.391B,1.021B,2.87B,219.00M,1.037B,228.00M,57.00M,24.00M,1.636B,97.00M,2.084B,9.512B,0,3.228B,1.597B,7.428B,6.284B,5.831B,127.00M,908.00M,1.242B
CE,2013-06,-91.00M,1.152B,1.334B,224.00M,25.00M,0.83,0.83,924.00M,3.325B,319.00M,2013-06,738.00M,133.00M,-43.00M,-43.00M,3.325B,982.00M,2.86B,174.00M,979.00M,208.00M,75.00M,23.00M,1.653B,113.00M,1.985B,9.322B,0,3.18B,1.544B,7.337B,6.142B,5.793B,145.00M,876.00M,1.209B
CE,2013-03,-119.00M,1.027B,1.272B,112.00M,25.00M,0.89,0.89,917.00M,4.822B,333.00M,2013-03,758.00M,142.00M,-43.00M,-43.00M,3.286B,960.00M,2.959B,190.00M,884.00M,218.00M,77.00M,26.00M,1.605B,106.00M,1.835B,9.068B,0,2.986B,1.351B,7.233B,6.082B,5.882B,143.00M,773.00M,1.113B
CE,2012-12,-89.00M,1.012B,1.257B,168.00M,25.00M,0.6,0.59,942.00M,4.856B,244.00M,2012-12,711.00M,-169.00M,-53.00M,-53.00M,3.35B,995.00M,2.93B,-276.00M,801.00M,-263.00M,-96.00M,31.00M,1.501B,476.00M,1.73B,9.00B,0,2.839B,1.355B,7.27B,6.161B,5.915B,520.00M,704.00M,1.036B
CE,2012-09,-822.00M,984.00M,1.281B,141.00M,19.00M,0.8,0.79,942.00M,4.749B,328.00M,2012-09,711.00M,127.00M,-44.00M,-44.00M,3.295B,131.00M,2.839B,180.00M,728.00M,186.00M,57.00M,23.00M,1.609B,113.00M,1.915B,8.965B,0,2.968B,1.395B,7.05B,5.997B,5.655B,148.00M,728.00M,1.12B
CE,2012-06,-858.00M,860.00M,1.34B,131.00M,18.00M,1.4,1.38,940.00M,4.668B,335.00M,2012-06,726.00M,221.00M,-45.00M,-45.00M,3.265B,302.00M,2.845B,182.00M,725.00M,278.00M,57.00M,25.00M,1.675B,115.00M,1.777B,8.779B,0,2.866B,1.34B,7.002B,5.913B,5.662B,153.00M,725.00M,1.134B
CE,2012-03,-817.00M,790.00M,1.359B,155.00M,19.00M,1.23,1.21,985.00M,4.704B,274.00M,2012-03,753.00M,193.00M,-44.00M,-44.00M,3.329B,314.00M,2.875B,110.00M,780.00M,120.00M,-73.00M,25.00M,1.633B,126.00M,1.541B,8.823B,0,2.817B,1.471B,7.282B,6.006B,5.811B,164.00M,780.00M,1.135B
CE,2011-12,-850.00M,746.00M,1.359B,144.00M,17.00M,-0.55,-0.55,957.00M,4.585B,255.00M,2011-12,712.00M,-85.00M,-57.00M,-57.00M,3.269B,1.024B,2.873B,-141.00M,827.00M,-194.00M,-110.00M,26.00M,1.614B,397.00M,1.341B,8.518B,0,2.703B,1.385B,7.177B,5.815B,5.792B,396.00M,701.00M,1.106B
CE,2011-09,-626.00M,768.00M,1.406B,161.00M,27.00M,1.07,1.05,993.00M,4.517B,401.00M,2011-09,777.00M,167.00M,-53.00M,-53.00M,3.233B,116.00M,2.893B,196.00M,842.00M,201.00M,34.00M,24.00M,1.807B,140.00M,1.456B,8.711B,0,2.898B,1.613B,7.255B,5.813B,5.642B,205.00M,842.00M,1.181B
CE,2011-06,-566.00M,811.00M,1.343B,155.00M,30.00M,1.3,1.28,1.051B,4.534B,410.00M,2011-06,779.00M,203.00M,-57.00M,-57.00M,3.273B,414.00M,2.893B,210.00M,881.00M,280.00M,75.00M,25.00M,1.753B,140.00M,1.373B,8.919B,0,3.014B,1.641B,7.546B,5.905B,5.905B,200.00M,881.00M,1.266B
