Ticker,Date,Accrued Comprehensive Inc,Cash and Short Term Investments,Cost of Goods Sold,Current Debt & Capital Lease Obligation,Current Deferred Liabilities,EPS Basic,EPS Diluted,Goodwill and Intangibles,Gross PP&E,Gross Profit,Income (Quarterly),Inventories,Net Income,Net Non-Operating Interest Income Expense,Net Operating Interest Income,Net PP&E,Non-Current Deferred Liabilities,Non-Current Portion of LTD and Capital Lease Obligation,Operating Income,Payables and Accrued Expenses,Pre-Tax Income,Provision for Income Taxes,Revenue,SG&A Expense,Shareholders Equity,Total Assets,Total Capital Stock,Total Current Assets,Total Current Liabilities,Total Liabilities,Total Long Term Assets,Total Long Term Liabilities,Total Operating Expenses,Total Payables,Total Receivables
CHD,2020-12,-77.60M,183.10M,737.90M,351.40M,0,0.61,0.59,5.340B,1.362B,557.40M,2020-12,495.40M,150.20M,-14.00M,-14.00M,612.80M,1.075B,1.812B,190.60M,1.037B,176.90M,26.70M,1.295B,366.80M,3.020B,7.414B,292.80M,1.112B,1.389B,4.394B,6.302B,3.006B,366.80M,600.80M,398.80M
CHD,2020-09,-90.80M,549.10M,675.80M,1.60M,0,0.87,0.85,4.752B,1.317B,565.20M,2020-09,497.70M,216.20M,-13.90M,-13.90M,579.50M,962.90M,1.812B,273.80M,970.30M,261.50M,45.30M,1.241B,291.40M,3.210B,7.077B,292.80M,1.444B,971.90M,3.867B,5.632B,2.895B,291.40M,595.30M,372.80M
CHD,2020-06,-98.30M,451.70M,634.70M,65.80M,0,0.77,0.75,4.776B,1.29B,559.60M,2020-06,455.50M,189.70M,-16.80M,-16.80M,568.70M,941.20M,1.811B,250.70M,930.80M,236.00M,46.30M,1.194B,308.90M,2.999B,6.919B,292.80M,1.277B,996.60M,3.920B,5.642B,2.924B,308.90M,605.20M,344.50M
CHD,2020-03,-99.40M,1.047B,633.20M,971.90M,0,0.94,0.92,4.800B,1.272B,532.00M,2020-03,395.70M,229.80M,-16.30M,-16.30M,566.70M,923.30M,1.811B,314.60M,797.10M,299.40M,69.60M,1.165B,217.40M,2.818B,7.486B,292.80M,1.829B,1.769B,4.668B,5.657B,2.899B,217.40M,516.00M,353.50M
CHD,2019-12,-66.70M,155.70M,620.20M,252.90M,0,0.59,0.58,4.830B,1.266B,524.00M,2019-12,417.40M,144.40M,-18.00M,-18.00M,573.00M,895.10M,1.810B,195.20M,839.40M,177.70M,33.30M,1.144B,328.80M,2.668B,6.657B,292.80M,956.40M,1.092B,3.990B,5.701B,2.897B,328.80M,480.80M,356.40M
CHD,2019-09,-80.70M,114.70M,581.70M,373.60M,0,0.64,0.62,4.857B,1.242B,507.70M,2019-09,388.80M,157.30M,-18.90M,-18.90M,553.10M,900.10M,1.810B,216.80M,768.50M,200.60M,43.30M,1.089B,290.90M,2.559B,6.610B,292.80M,908.80M,1.142B,4.051B,5.701B,2.909B,290.90M,463.10M,384.40M
CHD,2019-06,-68.40M,97.90M,597.90M,410.60M,0,0.56,0.55,4.883B,1.240B,481.50M,2019-06,401.50M,138.50M,-18.90M,-18.90M,559.00M,877.10M,1.809B,187.40M,774.10M,170.30M,31.80M,1.079B,294.10M,2.605B,6.663B,292.80M,925.90M,1.185B,4.058B,5.737B,2.873B,294.10M,473.90M,383.70M
CHD,2019-03,-59.50M,97.90M,573.90M,397.50M,0,0.71,0.7,4.249B,1.227B,470.80M,2019-03,399.50M,175.70M,-17.80M,-17.80M,558.80M,818.60M,1.509B,240.80M,735.80M,225.10M,49.40M,1.045B,230.00M,2.499B,5.961B,292.80M,913.70M,1.133B,3.461B,5.047B,2.328B,230.00M,471.50M,384.60M
CHD,2018-12,-53.60M,316.70M,600.10M,598.30M,0,0.58,0.57,4.267B,1.267B,474.30M,2018-12,382.80M,142.80M,-19.70M,-19.70M,598.20M,757.30M,1.509B,193.40M,728.00M,176.10M,33.30M,1.074B,280.90M,2.454B,6.069B,292.80M,1.078B,1.326B,3.615B,4.991B,2.289B,280.90M,433.10M,345.30M
CHD,2018-09,-42.90M,188.30M,577.50M,301.40M,0,0.6,0.58,4.287B,1.248B,460.10M,2018-09,390.60M,146.30M,-19.40M,-19.40M,587.90M,783.00M,1.804B,204.20M,726.00M,187.30M,41.00M,1.038B,255.90M,2.353B,5.967B,292.80M,960.30M,1.027B,3.614B,5.007B,2.586B,255.90M,468.50M,361.50M
CHD,2018-06,-49.30M,89.30M,573.00M,410.30M,0,0.5,0.49,4.305B,1.240B,454.90M,2018-06,369.20M,121.70M,-20.20M,-20.20M,593.10M,774.90M,1.803B,173.80M,690.50M,155.40M,33.70M,1.028B,281.10M,2.221B,5.899B,292.80M,870.40M,1.101B,3.678B,5.029B,2.578B,281.10M,428.50M,348.60M
CHD,2018-03,-33.70M,119.80M,554.50M,552.70M,0,0.64,0.63,4.323B,1.236B,451.50M,2018-03,357.20M,157.80M,-20.10M,-20.10M,600.60M,766.80M,1.802B,220.30M,678.00M,200.70M,42.90M,1.006B,231.20M,2.143B,5.943B,292.80M,891.40M,1.231B,3.800B,5.052B,2.569B,231.20M,447.90M,361.10M
CHD,2017-12,-36.40M,278.90M,551.70M,270.90M,0,1.63,1.6,4.279B,1.226B,481.40M,2017-12,330.70M,405.60M,-18.70M,-18.70M,607.70M,758.40M,2.103B,214.70M,664.10M,198.70M,-206.90M,1.033B,266.70M,2.218B,6.015B,292.80M,1.000B,935.00M,3.797B,5.015B,2.862B,266.70M,403.90M,345.90M
CHD,2017-09,-35.50M,236.50M,529.40M,317.20M,0,0.53,0.52,4.224B,1.225B,438.50M,2017-09,336.10M,133.40M,-16.40M,-16.40M,601.80M,943.00M,2.104B,198.70M,635.40M,187.00M,53.60M,967.90M,239.80M,1.953B,5.953B,292.80M,1.003B,952.60M,4.000B,4.950B,3.047B,239.80M,391.50M,377.90M
CHD,2017-06,-41.30M,237.60M,487.60M,629.30M,0,0.29,0.29,3.096B,1.181B,410.40M,2017-06,292.30M,72.90M,-9.30M,-9.30M,573.20M,712.90M,894.10M,123.20M,582.40M,116.80M,43.90M,898.00M,287.20M,1.848B,4.667B,292.80M,877.20M,1.212B,2.819B,3.790B,1.607B,287.20M,375.80M,303.80M
CHD,2017-03,-56.50M,139.50M,477.90M,585.70M,0,0.52,0.51,3.019B,1.172B,399.30M,2017-03,280.10M,131.50M,-8.20M,-8.20M,578.90M,692.40M,692.90M,196.10M,581.10M,190.20M,58.70M,877.20M,203.20M,1.936B,4.488B,292.80M,754.50M,1.167B,2.552B,3.733B,1.385B,203.20M,391.80M,305.20M
CHD,2016-12,-63.80M,187.80M,488.00M,426.80M,0,0.43,0.42,2.876B,1.165B,408.00M,2016-12,258.20M,110.40M,-7.00M,-7.00M,588.60M,680.90M,693.40M,173.40M,575.10M,169.50M,59.10M,896.00M,234.60M,1.978B,4.354B,292.80M,756.80M,1.002B,2.376B,3.597B,1.374B,234.60M,337.80M,287.00M
CHD,2016-09,-51.80M,232.10M,475.10M,230.60M,0,0.48,0.47,2.759B,1.172B,395.60M,2016-09,285.70M,124.00M,-6.80M,-6.80M,592.70M,652.60M,699.10M,196.00M,555.20M,192.40M,68.40M,870.70M,199.60M,2.12B,4.283B,292.80M,804.50M,785.80M,2.163B,3.478B,1.377B,199.60M,329.70M,265.30M
CHD,2016-06,-50.00M,210.80M,469.40M,381.60M,0,0.43,0.43,2.771B,1.161B,408.00M,2016-06,290.30M,111.60M,-7.10M,-7.10M,594.60M,645.40M,700.70M,175.30M,545.30M,171.00M,59.40M,877.40M,232.70M,2.012B,4.310B,146.40M,817.90M,926.90M,2.298B,3.492B,1.371B,232.70M,317.70M,278.90M
CHD,2016-03,-42.70M,194.30M,470.00M,451.30M,0,0.44,0.43,2.783B,1.153B,379.00M,2016-03,291.00M,113.00M,-6.80M,-6.80M,601.10M,633.90M,699.80M,179.50M,561.50M,173.00M,60.00M,849.00M,199.50M,1.920B,4.292B,146.40M,785.50M,1.013B,2.372B,3.507B,1.359B,199.50M,347.00M,277.00M
CHD,2015-12,-45.90M,330.00M,476.20M,357.20M,0,0.42,0.41,2.624B,1.145B,397.40M,2015-12,274.00M,109.10M,-7.60M,-7.60M,609.60M,668.20M,692.80M,169.20M,515.50M,164.90M,55.80M,873.60M,228.20M,2.023B,4.257B,292.80M,906.00M,872.70M,2.234B,3.351B,1.361B,228.20M,301.10M,276.20M
CHD,2015-09,-44.90M,210.60M,476.00M,275.00M,0,0.46,0.45,2.634B,1.151B,385.80M,2015-09,274.30M,120.40M,-7.40M,-7.40M,610.00M,652.10M,706.00M,190.60M,508.00M,185.70M,65.30M,861.80M,195.20M,2.050B,4.218B,146.40M,851.70M,783.00M,2.168B,3.366B,1.385B,195.20M,304.90M,330.70M
CHD,2015-06,-34.10M,203.20M,474.00M,373.60M,0,0.28,0.275,2.645B,1.146B,373.10M,2015-06,270.80M,73.70M,-7.90M,-7.90M,615.50M,643.50M,700.10M,142.30M,511.90M,119.50M,45.80M,847.10M,230.80M,1.972B,4.228B,146.40M,848.10M,885.50M,2.257B,3.380B,1.371B,230.80M,306.30M,340.40M
CHD,2015-03,-56.10M,299.70M,456.80M,523.30M,0,0.405,0.4,2.654B,1.134B,355.50M,2015-03,256.80M,107.20M,-7.60M,-7.60M,617.80M,654.70M,703.50M,172.10M,527.10M,165.30M,58.10M,812.30M,183.40M,1.909B,4.345B,146.40M,932.00M,1.050B,2.436B,3.413B,1.386B,183.40M,326.30M,337.10M
CHD,2014-12,-34.70M,423.00M,475.90M,396.60M,0,0.4,0.39,2.597B,1.122B,389.60M,2014-12,245.90M,106.60M,-6.90M,-6.90M,616.20M,633.70M,690.00M,163.80M,508.70M,160.00M,53.40M,865.50M,225.80M,2.102B,4.359B,146.40M,1.018B,905.30M,2.257B,3.341B,1.352B,225.80M,285.10M,322.90M
CHD,2014-09,-13.90M,370.20M,474.30M,404.10M,0,0.435,0.425,2.608B,1.108B,367.50M,2014-09,261.60M,115.90M,-6.90M,-6.90M,595.80M,646.40M,649.60M,177.20M,514.30M,173.20M,57.30M,841.80M,190.30M,2.087B,4.326B,146.40M,992.80M,918.40M,2.238B,3.333B,1.32B,190.30M,290.20M,321.30M
CHD,2014-06,4.50M,196.90M,451.90M,153.10M,0,0.33,0.325,2.407B,1.087B,356.40M,2014-06,271.00M,88.80M,-6.90M,-6.90M,585.70M,648.50M,649.60M,138.20M,492.30M,135.00M,46.20M,808.30M,218.20M,2.020B,3.988B,146.40M,864.40M,645.40M,1.968B,3.124B,1.323B,218.20M,264.50M,342.80M
CHD,2014-03,-1.40M,300.00M,442.60M,153.50M,0,0.37,0.365,2.419B,1.076B,339.40M,2014-03,265.00M,102.60M,-6.70M,-6.70M,588.40M,640.60M,649.60M,162.00M,505.10M,156.70M,54.10M,782.00M,177.40M,2.113B,4.086B,146.40M,953.80M,658.60M,1.973B,3.133B,1.314B,177.40M,298.30M,344.40M
CHD,2013-12,0.20M,496.90M,450.90M,153.80M,0,0.33,0.325,2.426B,1.067B,371.70M,2013-12,250.50M,92.20M,-6.70M,-6.70M,594.10M,633.50M,649.50M,144.60M,497.40M,139.20M,47.00M,822.60M,227.10M,2.300B,4.260B,146.40M,1.116B,651.20M,1.960B,3.144B,1.308B,227.10M,259.00M,330.20M
CHD,2013-09,-4.30M,445.50M,439.60M,154.00M,0,0.39,0.38,2.441B,1.051B,365.20M,2013-09,258.40M,107.90M,-7.00M,-7.00M,576.00M,630.40M,649.50M,167.80M,486.10M,163.20M,55.30M,804.80M,197.40M,2.230B,4.199B,146.40M,1.065B,640.10M,1.968B,3.134B,1.328B,197.40M,486.10M,323.90M
CHD,2013-06,-11.80M,274.10M,436.60M,154.80M,0,0.31,0.305,2.447B,1.038B,351.00M,2013-06,255.50M,86.60M,-7.00M,-7.00M,577.30M,623.10M,649.50M,140.50M,425.60M,132.20M,45.60M,787.60M,210.50M,2.146B,4.048B,146.40M,911.00M,580.40M,1.901B,3.137B,1.321B,210.50M,425.60M,327.40M
CHD,2013-03,-3.10M,279.30M,429.20M,203.90M,0,0.39,0.38,2.456B,1.034B,350.10M,2013-03,259.10M,107.70M,-7.00M,-7.00M,584.50M,624.20M,649.40M,169.30M,451.70M,163.20M,55.50M,779.30M,180.80M,2.085B,4.064B,146.40M,911.80M,655.60M,1.979B,3.153B,1.323B,180.80M,451.70M,332.40M
CHD,2012-12,2.50M,343.00M,451.30M,253.80M,0,0.29,0.285,2.469B,1.022B,358.40M,2012-12,242.20M,80.80M,-6.30M,-6.30M,586.00M,611.10M,649.40M,134.60M,471.80M,130.20M,49.40M,809.70M,223.80M,2.061B,4.098B,146.40M,933.80M,725.60M,2.037B,3.164B,1.311B,223.80M,280.40M,303.10M
CHD,2012-09,6.70M,241.20M,397.70M,254.40M,0,0.335,0.33,1.755B,982.80M,327.50M,2012-09,225.10M,93.90M,-2.60M,-2.60M,542.40M,435.40M,649.40M,145.40M,398.00M,146.00M,52.10M,725.20M,182.10M,2.058B,3.840B,146.40M,1.436B,652.40M,1.782B,2.404B,1.129B,182.10M,398.00M,278.30M
CHD,2012-06,0.20M,184.20M,393.40M,32.40M,0,0.285,0.28,1.76B,961.00M,303.00M,2012-06,225.90M,79.30M,-2.40M,-2.40M,532.80M,418.70M,249.80M,122.40M,386.60M,123.10M,43.80M,696.40M,180.60M,1.985B,3.116B,146.40M,731.60M,419.00M,1.131B,2.385B,712.10M,180.60M,386.60M,272.40M
CHD,2012-03,9.60M,232.40M,388.10M,0.10M,0,0.335,0.33,1.768B,935.70M,302.50M,2012-03,212.60M,95.80M,-2.70M,-2.70M,517.60M,405.70M,249.80M,142.70M,405.00M,143.20M,47.40M,690.60M,159.80M,2.03B,3.135B,146.40M,759.30M,405.10M,1.105B,2.376B,700.00M,159.80M,405.00M,270.60M
CHD,2011-12,2.90M,251.40M,414.60M,2.60M,0,0.22,0.22,1.772B,910.50M,316.50M,2011-12,200.70M,63.80M,-2.60M,-2.60M,506.00M,398.50M,249.70M,117.40M,381.00M,118.00M,54.20M,731.10M,199.10M,2.041B,3.118B,146.40M,755.20M,383.60M,1.077B,2.362B,693.20M,199.10M,233.50M,264.60M
CHD,2011-09,16.90M,275.00M,391.10M,3.90M,0,0.275,0.27,1.777B,887.70M,309.90M,2011-09,225.40M,79.60M,-1.60M,-1.60M,476.80M,379.80M,249.70M,126.30M,389.70M,126.00M,46.40M,701.00M,183.60M,2.085B,3.144B,146.40M,798.80M,393.60M,1.058B,2.345B,664.60M,183.60M,389.70M,262.00M
CHD,2011-06,31.20M,163.40M,374.90M,0,0,0.29,0.285,1.785B,896.20M,300.00M,2011-06,215.80M,82.60M,-2.30M,-2.30M,473.70M,359.80M,249.70M,117.80M,371.00M,119.00M,36.40M,674.90M,182.20M,2.038B,3.055B,146.40M,702.60M,371.00M,1.018B,2.353B,646.50M,182.20M,371.00M,272.80M
CHD,2011-03,26.00M,159.10M,354.20M,0,0,0.295,0.29,1.726B,876.20M,288.10M,2011-03,213.10M,83.60M,-2.20M,-2.20M,468.20M,354.20M,249.70M,131.10M,360.50M,131.60M,48.00M,642.30M,157.00M,1.951B,2.952B,73.20M,663.20M,360.50M,1.002B,2.289B,641.00M,157.00M,360.50M,248.50M
