Ticker,Date,Accrued Comprehensive Inc,Cash and Short Term Investments,Cost of Goods Sold,Current Debt & Capital Lease Obligation,EPS Basic,EPS Diluted,Goodwill and Intangibles,Gross PP&E,Gross Profit,Income (Quarterly),Inventories,Net Income,Net Non-Operating Interest Income Expense,Net Operating Interest Income,Net PP&E,Non-Current Deferred Liabilities,Non-Current Portion of LTD and Capital Lease Obligation,Operating Income,Payables and Accrued Expenses,Pre-Tax Income,Provision for Income Taxes,Revenue,SG&A Expense,Shareholders Equity,Total Assets,Total Capital Stock,Total Current Assets,Total Current Liabilities,Total Liabilities,Total Long Term Assets,Total Long Term Liabilities,Total Operating Expenses,Total Payables,Total Receivables
CHRW,2020-12,-46.00M,243.80M,4.218B,66.17M,1.09,1.08,1.661B,798.77M,331.32M,2020-12,0,147.81M,-12.03M,-12.03M,498.73M,22.18M,1.362B,206.80M,1.635B,194.77M,46.96M,4.549B,124.52M,1.880B,5.144B,13.43M,2.942B,1.840B,3.264B,2.203B,1.425B,124.52M,1.327B,2.647B
CHRW,2020-09,-70.86M,252.57M,3.938B,126.67M,1.01,1,1.592B,523.06M,286.37M,2020-09,0,136.53M,-7.465M,-7.465M,523.06M,44.94M,1.372B,168.24M,1.503B,160.77M,24.24M,4.225B,118.13M,1.873B,5.075B,13.59M,2.853B,1.761B,3.201B,2.222B,1.440B,118.13M,1.281B,2.534B
CHRW,2020-06,-84.09M,362.24M,3.314B,64.60M,1.07,1.06,1.592B,527.75M,313.97M,2020-06,0,143.94M,-10.21M,-10.21M,527.75M,51.92M,1.373B,188.79M,1.483B,178.58M,34.64M,3.628B,125.18M,1.704B,4.826B,13.47M,2.604B,1.673B,3.121B,2.222B,1.448B,125.18M,1.303B,2.173B
CHRW,2020-03,-108.34M,294.57M,3.567B,391.34M,0.58,0.57,1.583B,557.71M,237.73M,2020-03,0,78.15M,-15.23M,-15.23M,557.71M,55.77M,1.379B,109.44M,1.325B,94.21M,16.07M,3.805B,128.29M,1.587B,4.848B,13.46M,2.607B,1.805B,3.261B,2.242B,1.456B,128.29M,1.165B,2.216B
CHRW,2019-12,-76.15M,447.86M,3.513B,204.16M,0.73,0.73,1.434B,800.84M,279.88M,2019-12,0,99.11M,-10.78M,-10.78M,519.28M,39.78M,1.352B,136.81M,1.239B,126.02M,26.92M,3.793B,143.08M,1.671B,4.641B,13.49M,2.640B,1.556B,2.970B,2.001B,1.414B,143.08M,1.075B,2.107B
CHRW,2019-09,-90.90M,384.42M,3.543B,55.85M,1.08,1.07,1.385B,473.35M,312.87M,2019-09,0,146.89M,-13.18M,-13.18M,473.35M,37.21M,1.470B,201.08M,1.271B,187.90M,41.01M,3.856B,111.78M,1.673B,4.637B,13.52M,2.683B,1.434B,2.963B,1.953B,1.529B,111.78M,1.096B,2.225B
CHRW,2019-06,-72.33M,355.31M,3.553B,54.79M,1.23,1.22,1.403B,484.74M,356.33M,2019-06,0,169.18M,-6.615M,-6.615M,484.74M,36.34M,1.470B,227.54M,1.349B,220.92M,51.74M,3.909B,128.80M,1.659B,4.684B,13.57M,2.707B,1.496B,3.025B,1.978B,1.528B,128.80M,1.148B,2.279B
CHRW,2019-03,-66.64M,445.47M,3.413B,53.67M,1.17,1.16,1.400B,482.70M,338.70M,2019-03,0,161.79M,-17.14M,-17.14M,482.70M,40.41M,1.553B,224.55M,1.310B,207.41M,45.62M,3.751B,114.15M,1.653B,4.697B,13.69M,2.728B,1.430B,3.045B,1.969B,1.615B,114.15M,1.128B,2.223B
CHRW,2018-12,-71.94M,378.62M,3.763B,5.00M,1.36,1.34,1.402B,498.85M,374.47M,2018-12,0,187.15M,-9.456M,-9.456M,228.30M,35.76M,1.341B,255.52M,1.275B,246.06M,58.91M,4.138B,118.95M,1.595B,4.427B,13.73M,2.753B,1.433B,2.832B,1.674B,1.399B,118.95M,1.091B,2.322B
CHRW,2018-09,-57.41M,297.80M,3.933B,0,1.27,1.25,1.385B,0,358.74M,2018-09,0,175.90M,-6.526M,-6.526M,231.96M,44.56M,1.341B,245.97M,1.394B,239.45M,63.55M,4.292B,112.77M,1.567B,4.493B,13.80M,2.805B,1.515B,2.926B,1.688B,1.411B,112.77M,1.168B,2.453B
CHRW,2018-06,-46.54M,310.58M,3.945B,66.00M,1.14,1.13,1.396B,497.91M,330.85M,2018-06,0,159.16M,-5.128M,-5.128M,228.32M,42.78M,1.341B,219.01M,1.359B,213.88M,54.72M,4.276B,111.84M,1.518B,4.453B,13.87M,2.759B,1.525B,2.935B,1.695B,1.410B,111.84M,1.152B,2.385B
CHRW,2018-03,-19.02M,349.78M,3.628B,651.00M,1.02,1.01,1.415B,450.04M,297.63M,2018-03,0,142.30M,-10.70M,-10.70M,230.61M,52.88M,750.00M,191.58M,1.274B,180.88M,38.59M,3.925B,106.04M,1.485B,4.308B,13.94M,2.591B,1.994B,2.823B,1.717B,828.69M,106.04M,1.108B,2.180B
CHRW,2017-12,-18.46M,333.89M,3.640B,715.00M,1.09,1.08,1.454B,0,320.25M,2017-12,0,152.56M,-17.50M,-17.50M,230.33M,45.36M,750.00M,210.88M,1.167B,193.37M,40.82M,3.960B,109.37M,1.426B,4.236B,13.95M,2.511B,1.987B,2.810B,1.725B,822.64M,109.37M,1.109B,2.114B
CHRW,2017-09,-22.88M,297.31M,3.484B,719.00M,0.85,0.85,1.436B,0,300.64M,2017-09,0,119.19M,-10.48M,-10.48M,232.90M,66.40M,750.00M,194.46M,1.175B,183.98M,64.80M,3.784B,106.18M,1.355B,4.176B,13.99M,2.455B,1.986B,2.821B,1.721B,834.41M,106.18M,1.116B,2.104B
CHRW,2017-06,-37.31M,273.18M,3.420B,592.00M,0.79,0.78,1.397B,0,289.57M,2017-06,0,111.07M,-9.368M,-9.368M,234.31M,63.67M,750.00M,181.82M,1.131B,172.45M,61.38M,3.710B,107.75M,1.337B,3.966B,14.07M,2.285B,1.797B,2.629B,1.681B,831.19M,107.75M,1.071B,1.948B
CHRW,2017-03,-44.04M,229.79M,3.137B,740.00M,0.86,0.86,1.404B,0,278.06M,2017-03,0,122.08M,-9.302M,-9.302M,235.06M,64.35M,500.00M,187.96M,1.077B,178.66M,56.58M,3.415B,90.10M,1.316B,3.776B,14.12M,2.093B,1.877B,2.460B,1.683B,582.50M,90.10M,1.026B,1.803B
CHRW,2016-12,-61.44M,247.67M,3.114B,740.00M,0.86,0.86,1.428B,0,301.21M,2016-12,0,122.30M,-3.118M,-3.118M,232.95M,65.12M,500.00M,193.56M,1.008B,190.45M,68.14M,3.415B,107.65M,1.258B,3.688B,14.13M,2.008B,1.846B,2.430B,1.680B,584.19M,107.65M,937.26M,1.711B
CHRW,2016-09,-37.46M,224.45M,3.054B,725.00M,0.9,0.9,1.425B,0,301.58M,2016-09,0,129.03M,-7.426M,-7.426M,226.47M,75.53M,500.00M,211.27M,979.22M,203.84M,74.81M,3.356B,90.31M,1.270B,3.664B,14.19M,1.968B,1.800B,2.394B,1.697B,594.60M,90.31M,908.45M,1.683B
CHRW,2016-06,-37.97M,207.08M,2.976B,465.00M,1,1,1.217B,0,323.96M,2016-06,0,143.09M,-6.265M,-6.265M,211.90M,75.94M,500.00M,233.75M,941.81M,227.48M,84.39M,3.300B,90.22M,1.263B,3.349B,14.28M,1.879B,1.491B,2.086B,1.470B,594.77M,90.22M,878.82M,1.603B
CHRW,2016-03,-34.40M,179.41M,2.788B,470.00M,0.83,0.83,1.224B,0,285.84M,2016-03,0,118.96M,-8.772M,-8.772M,195.92M,79.65M,500.00M,198.95M,840.81M,190.18M,71.22M,3.074B,86.89M,1.192B,3.162B,14.30M,1.706B,1.372B,1.970B,1.457B,598.38M,86.89M,793.67M,1.463B
CHRW,2015-12,-37.95M,168.23M,2.908B,450.00M,0.88,0.88,1.250B,379.14M,302.59M,2015-12,0,126.58M,-13.47M,-13.47M,190.87M,65.46M,500.00M,214.58M,851.93M,201.11M,74.52M,3.211B,88.01M,1.150B,3.184B,14.34M,1.731B,1.449B,2.034B,1.454B,585.31M,88.01M,796.46M,1.506B
CHRW,2015-09,-44.07M,143.09M,3.095B,530.00M,0.96,0.96,1.224B,313.69M,324.50M,2015-09,0,139.43M,-6.559M,-6.559M,190.24M,76.14M,500.00M,232.71M,927.25M,226.15M,86.72M,3.419B,91.79M,1.131B,3.313B,14.41M,1.856B,1.581B,2.181B,1.456B,599.94M,91.79M,881.41M,1.652B
CHRW,2015-06,-37.68M,171.45M,3.225B,630.00M,0.94,0.94,1.230B,300.80M,320.02M,2015-06,0,137.21M,-5.894M,-5.894M,190.85M,74.39M,500.00M,229.10M,969.29M,223.20M,85.99M,3.545B,90.92M,1.112B,3.404B,14.51M,1.944B,1.695B,2.292B,1.460B,597.34M,90.92M,919.58M,1.706B
CHRW,2015-03,-41.81M,135.78M,3.031B,630.00M,0.73,0.73,1.236B,0,269.97M,2015-03,0,106.48M,-9.605M,-9.605M,191.14M,77.26M,500.00M,181.92M,958.53M,172.32M,65.84M,3.301B,88.04M,1.058B,3.309B,14.58M,1.847B,1.651B,2.251B,1.462B,600.11M,88.04M,911.05M,1.651B
CHRW,2014-12,-28.61M,128.94M,3.091B,605.00M,0.77,0.77,937.30M,0,266.70M,2014-12,0,112.95M,-6.40M,-6.40M,152.47M,66.96M,500.00M,187.73M,845.24M,181.33M,68.38M,3.357B,78.97M,1.047B,3.214B,14.65M,2.105B,1.576B,2.167B,1.109B,591.46M,78.97M,799.87M,1.572B
CHRW,2014-09,-20.62M,127.72M,3.184B,345.00M,0.85,0.85,929.21M,0,282.94M,2014-09,0,124.98M,-6.204M,-6.204M,156.94M,71.65M,500.00M,203.34M,876.05M,197.13M,72.15M,3.467B,79.61M,1.019B,2.942B,14.66M,1.825B,1.329B,1.923B,1.117B,593.86M,79.61M,836.09M,1.641B
CHRW,2014-06,-11.70M,144.22M,3.221B,400.00M,0.8,0.8,936.38M,0,282.05M,2014-06,0,118.60M,-6.252M,-6.252M,160.27M,75.50M,500.00M,200.38M,952.08M,194.13M,75.53M,3.503B,81.67M,1.010B,3.037B,14.77M,1.909B,1.431B,2.027B,1.128B,596.01M,81.67M,901.80M,1.700B
CHRW,2014-03,-10.96M,142.81M,2.906B,410.00M,0.63,0.63,941.68M,0,236.94M,2014-03,0,93.19M,-6.131M,-6.131M,163.96M,76.59M,500.00M,156.97M,923.91M,150.84M,57.65M,3.143B,79.97M,981.60M,2.960B,14.85M,1.823B,1.380B,1.979B,1.137B,598.08M,79.97M,887.97M,1.612B
CHRW,2013-12,-10.62M,162.05M,2.912B,375.00M,0.62,0.62,961.53M,0,240.85M,2013-12,0,92.95M,-6.005M,-6.005M,160.70M,70.62M,500.00M,155.11M,809.73M,149.11M,56.16M,3.153B,85.73M,939.72M,2.803B,15.02M,1.664B,1.270B,1.863B,1.138B,593.11M,85.73M,766.69M,1.450B
CHRW,2013-09,-11.90M,129.72M,3.058B,350.00M,0.69,0.69,950.55M,0,258.92M,2013-09,0,107.74M,-2.635M,-2.635M,155.69M,74.69M,500.00M,176.36M,876.46M,173.72M,65.98M,3.317B,82.56M,988.56M,2.892B,15.25M,1.753B,1.306B,1.903B,1.138B,596.77M,82.56M,834.64M,1.565B
CHRW,2013-06,-14.98M,150.02M,3.022B,365.65M,0.7,0.7,953.54M,265.01M,266.59M,2013-06,0,111.87M,-0.589M,-0.589M,153.33M,69.93M,0,182.48M,897.82M,181.89M,70.02M,3.288B,84.12M,1.499B,2.922B,15.97M,1.783B,1.331B,1.422B,1.139B,91.49M,84.12M,859.89M,1.571B
CHRW,2013-03,-11.57M,159.90M,2.751B,390.63M,0.64,0.64,957.45M,220.07M,243.08M,2013-03,0,103.34M,0,0,150.90M,70.10M,0,168.71M,806.40M,168.65M,65.30M,2.994B,74.37M,1.490B,2.831B,16.06M,1.691B,1.249B,1.341B,1.140B,91.45M,74.37M,768.69M,1.470B
CHRW,2012-12,-9.345M,210.02M,2.752B,253.65M,1.59,1.58,974.44M,0,218.59M,2012-12,0,256.39M,0,0,149.85M,45.11M,0,133.60M,875.23M,415.77M,159.38M,2.971B,84.99M,1.504B,2.804B,16.13M,1.672B,1.232B,1.300B,1.132B,67.64M,84.99M,829.06M,1.412B
CHRW,2012-09,-9.878M,272.96M,2.627B,0,0.72,0.72,382.66M,0,253.33M,2012-09,0,116.33M,0,0,134.44M,0.842M,0,187.26M,764.26M,187.33M,71.00M,2.880B,66.07M,1.291B,2.243B,16.12M,1.726B,938.06M,952.39M,517.10M,14.34M,66.07M,764.26M,1.335B
CHRW,2012-06,-11.74M,240.63M,2.707B,0,0.71,0.71,400.14M,0,248.34M,2012-06,0,114.58M,0,0,132.26M,0,0,184.91M,884.08M,185.60M,71.02M,2.956B,63.42M,1.278B,2.240B,16.22M,1.708B,949.34M,961.81M,532.40M,12.47M,63.42M,884.08M,1.415B
CHRW,2012-03,-8.888M,311.36M,2.321B,0,0.65,0.65,402.39M,0,231.31M,2012-03,0,106.50M,0,0,130.76M,0,0,169.54M,825.12M,169.76M,63.26M,2.552B,61.76M,1.248B,2.134B,16.27M,1.601B,871.87M,886.17M,533.15M,14.30M,61.76M,825.12M,1.245B
CHRW,2011-12,-9.115M,373.67M,2.863B,0,0.67,0.67,394.58M,0,-294.85M,2011-12,0,109.21M,0,0,126.83M,0,0,171.96M,759.09M,173.33M,64.11M,2.568B,-466.80M,1.248B,2.138B,16.34M,1.612B,876.63M,889.57M,526.50M,12.94M,-466.80M,709.19M,1.190B
CHRW,2011-09,-9.063M,382.74M,2.272B,0,0.7,0.7,398.04M,0,423.07M,2011-09,0,114.35M,0,0,114.81M,0,0,183.96M,791.27M,184.02M,69.67M,2.695B,239.10M,1.268B,2.179B,16.43M,1.657B,896.71M,911.21M,522.69M,14.50M,239.10M,791.27M,1.238B
CHRW,2011-06,-6.89M,315.90M,2.290B,0,0.67,0.67,395.35M,0,417.87M,2011-06,0,111.02M,0,0,114.87M,0,0,180.10M,812.37M,180.42M,69.40M,2.708B,237.77M,1.288B,2.194B,16.56M,1.676B,889.89M,905.37M,517.72M,15.48M,237.77M,812.37M,1.311B
CHRW,2011-03,-7.525M,360.32M,1.975B,0,0.59,0.59,393.51M,0,390.34M,2011-03,0,97.03M,0,0,114.78M,0,0,156.72M,802.66M,156.94M,59.91M,2.365B,233.63M,1.228B,2.096B,16.58M,1.582B,851.76M,868.81M,514.26M,17.05M,233.63M,802.66M,1.176B
