Ticker,Date,Accrued Comprehensive Inc,Cash and Short Term Investments,Current Debt & Capital Lease Obligation,EPS Basic,EPS Diluted,Goodwill and Intangibles,Income (Quarterly),Net Income,Net Loan Assets,Net Non-Operating Interest Income Expense,Net Operating Interest Income,Net PP&E,Non-Current Deferred Liabilities,Non-Current Portion of LTD and Capital Lease Obligation,Payables and Accrued Expenses,Pre-Tax Income,Provision for Income Taxes,Revenue,SG&A Expense,Shareholders Equity,Total Assets,Total Capital Stock,Total Current Assets,Total Current Liabilities,Total Liabilities,Total Long Term Assets,Total Long Term Liabilities,Total Operating Expenses,Total Payables,Total Receivables
CI,2020-12,-861.00M,11.51B,3.374B,11.4,11.3,79.83B,2020-12,4.135B,3.288B,-337.00M,-337.00M,4.205B,8.939B,29.54B,27.34B,5.378B,1.236B,41.86B,3.966B,50.32B,155.45B,4.00M,28.90B,30.71B,105.12B,92.14B,43.88B,44.56B,18.82B,17.39B
CI,2020-09,-541.00M,6.668B,6.449B,3.81,3.78,80.18B,2020-09,1.388B,0,-336.00M,-336.00M,4.203B,9.142B,29.54B,25.02B,1.804B,406.00M,40.98B,3.301B,48.03B,160.04B,4.00M,25.63B,31.47B,112.00B,92.56B,49.00B,38.84B,17.87B,18.96B
CI,2020-06,-788.00M,8.375B,4.75B,4.77,4.73,80.38B,2020-06,1.754B,0,-374.00M,-374.00M,4.255B,9.17B,31.77B,25.26B,2.289B,529.00M,39.30B,3.407B,47.37B,159.63B,4.00M,26.64B,30.01B,112.26B,92.38B,51.02B,36.61B,17.27B,18.27B
CI,2020-03,-1.527B,5.425B,4.34B,3.19,3.15,80.75B,2020-03,1.181B,0,-391.00M,-391.00M,4.317B,9.066B,32.15B,23.97B,1.397B,208.00M,38.44B,3.398B,45.08B,154.71B,4.00M,22.21B,28.31B,109.62B,92.85B,41.25B,36.28B,16.38B,16.78B
CI,2019-12,-941.00M,5.556B,5.514B,2.64,2.61,81.16B,2019-12,977.00M,0,-391.00M,-391.00M,4.512B,9.387B,31.89B,22.89B,1.261B,277.00M,38.34B,3.957B,45.34B,155.77B,4.00M,21.89B,28.40B,110.43B,92.96B,51.02B,36.68B,15.54B,16.34B
CI,2019-09,-858.00M,5.948B,4.712B,3.6,3.57,81.55B,2019-09,1.351B,0,-411.00M,-411.00M,4.448B,9.284B,34.04B,22.56B,1.763B,409.00M,38.61B,3.413B,44.70B,154.85B,4.00M,22.94B,27.27B,110.15B,93.24B,53.03B,36.43B,15.36B,16.99B
CI,2019-06,-965.00M,5.275B,2.31B,3.73,3.7,82.17B,2019-06,1.408B,0,-428.00M,-428.00M,4.538B,9.407B,36.88B,22.63B,1.758B,348.00M,38.84B,3.38B,43.82B,154.40B,4.00M,22.30B,24.94B,110.58B,94.42B,55.77B,36.66B,15.91B,17.02B
CI,2019-03,-1.282B,6.638B,2.915B,3.61,3.56,82.88B,2019-03,1.368B,0,-452.00M,-452.00M,4.523B,9.403B,37.57B,22.99B,1.788B,416.00M,37.96B,3.303B,42.41B,154.35B,4.00M,22.96B,25.91B,111.94B,94.89B,56.48B,35.72B,15.63B,16.33B
CI,2018-12,-1.711B,5.90B,2.955B,0.41,0.4,83.51B,2018-12,144.00M,0,-286.00M,-286.00M,4.562B,9.453B,39.52B,22.14B,228.00M,81.00M,14.26B,3.48B,41.03B,153.23B,4.00M,21.88B,25.09B,112.19B,95.80B,58.06B,13.74B,15.07B,15.98B
CI,2018-09,-1.857B,24.13B,9.00M,3.18,3.14,6.129B,2018-09,772.00M,0,-99.00M,-99.00M,1.559B,0,25.04B,10.50B,1.033B,259.00M,11.46B,2.872B,15.56B,82.96B,74.00M,33.52B,10.50B,67.40B,37.15B,31.01B,10.32B,10.50B,9.389B
CI,2018-06,-1.843B,3.854B,109.00M,3.32,3.29,6.147B,2018-06,806.00M,3.288B,-56.00M,-56.00M,1.554B,0,5.195B,10.41B,1.102B,294.00M,11.48B,2.837B,14.74B,63.10B,74.00M,13.14B,10.52B,48.36B,37.77B,11.72B,10.32B,10.41B,9.289B
CI,2018-03,-1.547B,3.016B,110.00M,3.78,3.72,6.17B,2018-03,915.00M,3.205B,-57.00M,-57.00M,1.552B,0,5.191B,10.75B,1.218B,301.00M,11.38B,2.745B,14.20B,63.14B,74.00M,12.42B,10.86B,48.95B,38.64B,11.75B,10.10B,10.75B,9.40B
CI,2017-12,-1.082B,5.108B,240.00M,1.13,1.1,6.509B,2017-12,266.00M,3.077B,0,0,1.563B,0,5.199B,4.452B,758.00M,491.00M,10.66B,0,13.71B,61.76B,74.00M,14.03B,4.692B,48.05B,12.69B,13.86B,18.02B,489.00M,8.918B
CI,2017-09,-1.124B,3.831B,141.00M,2.25,2.21,6.001B,2017-09,560.00M,3.183B,0,0,1.526B,0,5.207B,9.585B,824.00M,262.00M,10.49B,0,14.14B,61.94B,74.00M,13.30B,9.726B,47.79B,36.73B,11.53B,3.478B,9.585B,9.469B
CI,2017-06,-1.146B,3.749B,141.00M,3.2,3.15,6.00B,2017-06,813.00M,3.183B,0,0,1.509B,0,4.622B,9.449B,1.134B,324.00M,10.42B,0,14.55B,61.74B,74.00M,13.47B,9.59B,47.19B,36.26B,10.90B,3.066B,9.449B,9.721B
CI,2017-03,-1.252B,4.458B,142.00M,2.34,2.3,5.982B,2017-03,598.00M,3.118B,0,0,1.519B,0,4.621B,9.437B,890.00M,297.00M,10.47B,0,14.23B,61.15B,74.00M,14.00B,9.579B,46.92B,35.54B,10.89B,3.268B,9.437B,9.54B
CI,2016-12,-1.382B,3.876B,276.00M,1.49,1.47,6.404B,2016-12,382.00M,3.264B,0,0,1.536B,0,4.756B,8.946B,605.00M,231.00M,10.28B,0,13.72B,59.36B,74.00M,13.43B,9.222B,45.63B,35.10B,10.36B,17.96B,8.946B,9.555B
CI,2016-09,-715.00M,4.221B,271.00M,1.78,1.76,6.007B,2016-09,456.00M,3.256B,0,0,1.561B,0,4.78B,8.924B,742.00M,290.00M,9.88B,0,13.97B,60.76B,74.00M,14.34B,9.195B,46.78B,35.87B,10.92B,3.103B,8.924B,10.12B
CI,2016-06,-844.00M,2.923B,300.00M,2,1.97,6.017B,2016-06,510.00M,3.267B,0,0,1.556B,0,4.789B,9.146B,813.00M,310.00M,9.96B,0,13.36B,59.51B,74.00M,13.96B,9.446B,46.14B,34.63B,10.31B,2.956B,9.146B,11.03B
CI,2016-03,-988.00M,2.866B,399.00M,2.04,2,6.029B,2016-03,519.00M,0,0,0,1.534B,0,4.791B,9.392B,819.00M,305.00M,9.884B,0,12.68B,58.88B,74.00M,13.55B,9.791B,46.20B,34.36B,10.23B,2.936B,9.392B,10.68B
CI,2015-12,-1.25B,2.349B,149.00M,1.66,1.64,6.587B,2015-12,426.00M,3.283B,0,0,1.534B,34.00M,5.02B,8.848B,659.00M,241.00M,9.528B,0,12.04B,57.09B,74.00M,12.86B,8.997B,45.04B,33.34B,10.29B,2.997B,8.848B,10.51B
CI,2015-09,-1.215B,2.475B,149.00M,2.14,2.1,6.04B,2015-09,547.00M,3.446B,0,0,1.483B,0,5.056B,8.913B,878.00M,334.00M,9.389B,0,11.77B,56.91B,74.00M,13.12B,9.062B,45.12B,32.67B,10.25B,2.742B,8.913B,10.65B
CI,2015-06,-1.125B,2.066B,150.00M,2.3,2.26,6.041B,2015-06,588.00M,3.493B,0,0,1.502B,0,5.046B,9.118B,936.00M,352.00M,9.492B,0,11.29B,57.13B,74.00M,12.88B,9.268B,45.83B,32.61B,10.32B,2.78B,9.118B,10.81B
CI,2015-03,-934.00M,2.792B,999.00M,2.08,2.04,6.029B,2015-03,533.00M,3.44B,0,0,1.486B,0,5.062B,9.259B,854.00M,323.00M,9.467B,0,10.94B,58.12B,74.00M,13.20B,10.26B,47.16B,33.44B,10.36B,2.74B,9.259B,10.41B
CI,2014-12,-936.00M,1.583B,147.00M,1.81,1.78,6.698B,2014-12,467.00M,3.519B,0,0,1.502B,0,4.979B,8.444B,732.00M,270.00M,8.928B,0,10.77B,55.87B,74.00M,11.42B,8.591B,45.08B,33.00B,10.09B,2.738B,8.444B,9.837B
CI,2014-09,-419.00M,1.774B,121.00M,2.04,2.01,6.003B,2014-09,534.00M,3.494B,0,0,1.494B,0,5.024B,7.645B,818.00M,287.00M,8.757B,0,11.16B,55.65B,92.00M,11.43B,7.766B,44.48B,32.57B,10.12B,2.579B,7.645B,9.66B
CI,2014-06,-273.00M,2.199B,121.00M,2.16,2.12,6.033B,2014-06,573.00M,3.67B,0,0,1.498B,0,5.022B,8.002B,901.00M,329.00M,8.733B,0,10.94B,55.93B,92.00M,11.99B,8.123B,44.98B,32.38B,10.17B,2.513B,8.002B,9.789B
CI,2014-03,-433.00M,2.67B,210.00M,1.96,1.92,6.03B,2014-03,528.00M,3.585B,0,0,1.45B,0,5.022B,7.942B,853.00M,324.00M,8.496B,0,10.56B,55.17B,92.00M,12.32B,8.152B,44.60B,31.77B,10.15B,2.446B,7.942B,9.645B
CI,2013-12,-520.00M,3.426B,233.00M,1.32,1.29,6.931B,2013-12,361.00M,3.737B,0,0,1.464B,0,5.014B,7.506B,536.00M,176.00M,8.151B,0,10.57B,54.34B,92.00M,12.72B,7.739B,43.76B,31.14B,9.988B,2.269B,7.506B,9.29B
CI,2013-09,-959.00M,3.818B,205.00M,1.99,1.95,6.035B,2013-09,553.00M,3.898B,0,0,1.451B,0,5.034B,8.027B,799.00M,246.00M,8.066B,0,9.874B,54.04B,92.00M,13.06B,8.232B,44.17B,30.36B,9.912B,2.323B,8.027B,9.24B
CI,2013-06,-1.014B,3.505B,153.00M,1.79,1.76,5.986B,2013-06,505.00M,4.092B,-49.00M,-49.00M,1.191B,0,5.03B,8.22B,767.00M,261.00M,7.98B,1.469B,9.775B,53.83B,92.00M,12.89B,8.373B,44.05B,30.09B,9.879B,2.312B,8.22B,9.384B
CI,2013-03,-756.00M,3.428B,401.00M,0.2,0.2,5.99B,2013-03,57.00M,4.315B,-48.00M,-48.00M,1.109B,0,4.995B,8.976B,74.00M,15.00M,8.183B,0,9.66B,54.94B,92.00M,12.88B,9.377B,45.28B,31.11B,9.903B,2.20B,8.976B,9.457B
CI,2012-12,-671.00M,3.132B,201.00M,1.43,1.41,7.061B,2012-12,406.00M,4.352B,-44.00M,-44.00M,1.12B,0,4.986B,8.523B,619.00M,212.00M,7.62B,0,9.769B,53.73B,92.00M,11.16B,8.724B,43.96B,31.80B,9.711B,2.30B,8.523B,8.033B
CI,2012-09,-553.00M,2.387B,226.00M,1.64,1.61,8.107B,2012-09,466.00M,4.465B,0,0,1.136B,0,4.986B,6.373B,718.00M,252.00M,7.323B,0,9.53B,53.53B,92.00M,4.101B,6.599B,44.00B,31.75B,9.713B,2.186B,7.932B,1.714B
CI,2012-06,-671.00M,3.26B,226.00M,1.33,1.31,8.182B,2012-06,380.00M,4.516B,0,0,1.115B,0,4.985B,6.841B,588.00M,208.00M,7.422B,0,9.022B,53.55B,92.00M,5.033B,7.067B,44.53B,31.38B,10.19B,2.128B,0,1.773B
CI,2012-03,-722.00M,2.298B,227.00M,1.3,1.28,8.054B,2012-03,371.00M,4.747B,0,0,1.083B,0,4.99B,6.632B,552.00M,181.00M,6.754B,0,8.561B,52.78B,92.00M,4.195B,6.859B,44.22B,31.15B,10.22B,2.128B,0,1.897B
CI,2011-12,-787.00M,4.915B,104.00M,0.98,0.97,3.534B,2011-12,273.00M,4.803B,0,0,1.024B,0,4.99B,7.932B,432.00M,159.00M,5.337B,0,7.994B,50.70B,92.00M,12.53B,8.036B,42.70B,27.28B,9.428B,7.02B,0,7.614B
CI,2011-09,-441.00M,2.192B,330.00M,0.68,0.67,4.641B,2011-09,183.00M,4.909B,0,0,978.00M,0,2.883B,5.932B,273.00M,90.00M,5.61B,0,7.761B,47.80B,88.00M,3.631B,6.262B,40.04B,27.11B,7.536B,1.693B,0,1.439B
CI,2011-06,-436.00M,1.978B,330.00M,1.46,1.43,4.443B,2011-06,391.00M,4.93B,0,0,953.00M,0,2.883B,5.48B,592.00M,201.00M,5.507B,0,7.548B,47.03B,88.00M,3.395B,5.81B,39.48B,26.07B,7.423B,1.486B,0,1.417B
CI,2011-03,-569.00M,1.805B,330.00M,1.53,1.51,4.354B,2011-03,413.00M,4.985B,0,0,912.00M,0,2.883B,5.563B,579.00M,165.00M,5.411B,0,7.024B,46.52B,88.00M,3.246B,5.893B,39.49B,25.46B,7.418B,1.441B,0,1.441B
