Ticker,Date,Accrued Comprehensive Inc,Cash and Short Term Investments,Cost of Goods Sold,Current Debt & Capital Lease Obligation,EPS Basic,EPS Diluted,Goodwill and Intangibles,Gross PP&E,Gross Profit,Income (Quarterly),Inventories,Net Income,Net Non-Operating Interest Income Expense,Net Operating Interest Income,Net PP&E,Non-Current Deferred Liabilities,Non-Current Portion of LTD and Capital Lease Obligation,Operating Income,Payables and Accrued Expenses,Pre-Tax Income,Provision for Income Taxes,Revenue,SG&A Expense,Shareholders Equity,Total Assets,Total Capital Stock,Total Current Assets,Total Current Liabilities,Total Liabilities,Total Long Term Assets,Total Long Term Liabilities,Total Operating Expenses,Total Payables,Total Receivables
CL,2020-12,-4.345B,888.00M,1.681B,404.00M,0.76,0.75,6.718B,8.751B,2.643B,2020-12,1.673B,647.00M,-57.00M,-57.00M,3.716B,426.00M,7.81B,959.00M,3.818B,894.00M,202.00M,4.324B,1.633B,743.00M,15.92B,1.466B,4.338B,4.404B,14.82B,11.58B,10.42B,1.684B,1.912B,1.264B
CL,2020-09,-4.421B,989.00M,1.613B,265.00M,0.81,0.81,6.549B,8.38B,2.54B,2020-09,1.578B,698.00M,-36.00M,-36.00M,3.506B,406.00M,6.971B,1.018B,4.216B,967.00M,222.00M,4.153B,1.518B,653.00M,15.47B,1.466B,4.367B,4.481B,14.39B,11.10B,9.912B,1.522B,1.648B,1.292B
CL,2020-06,-4.519B,997.00M,1.528B,508.00M,0.74,0.74,6.415B,8.197B,2.369B,2020-06,1.524B,635.00M,-35.00M,-35.00M,3.483B,400.00M,6.884B,946.00M,4.072B,891.00M,216.00M,3.897B,1.395B,268.00M,15.14B,1.466B,4.212B,4.58B,14.41B,10.93B,9.829B,1.423B,1.689B,1.231B
CL,2020-03,-4.578B,854.00M,1.632B,510.00M,0.83,0.83,6.381B,8.167B,2.465B,2020-03,1.301B,715.00M,-36.00M,-36.00M,3.487B,415.00M,7.336B,952.00M,3.933B,895.00M,147.00M,4.097B,1.473B,-113.00M,15.07B,1.466B,4.248B,4.443B,14.73B,10.82B,10.29B,1.513B,1.701B,1.551B
CL,2019-12,-4.273B,883.00M,1.601B,659.00M,0.75,0.75,6.175B,8.58B,2.414B,2019-12,1.40B,643.00M,-32.00M,-32.00M,3.75B,507.00M,7.824B,994.00M,3.309B,870.00M,188.00M,4.015B,1.412B,117.00M,15.03B,1.466B,4.179B,4.038B,14.48B,10.86B,10.44B,1.42B,1.711B,1.44B
CL,2019-09,-4.215B,948.00M,1.612B,505.00M,0.67,0.67,6.067B,8.389B,2.316B,2019-09,1.371B,578.00M,-35.00M,-35.00M,3.689B,587.00M,7.646B,856.00M,3.726B,794.00M,167.00M,3.928B,1.429B,-324.00M,15.03B,1.466B,4.349B,4.231B,14.85B,10.68B,10.62B,1.46B,1.434B,1.495B
CL,2019-06,-4.119B,863.00M,1.558B,5.00M,0.68,0.68,4.145B,8.476B,2.308B,2019-06,1.322B,586.00M,-38.00M,-38.00M,3.793B,303.00M,6.64B,888.00M,3.777B,823.00M,205.00M,3.866B,1.369B,-347.00M,13.15B,1.466B,4.255B,3.782B,13.16B,8.896B,9.379B,1.42B,1.502B,1.59B
CL,2019-03,-4.16B,843.00M,1.597B,6.00M,0.65,0.65,4.129B,8.398B,2.287B,2019-03,1.278B,560.00M,-40.00M,-40.00M,3.821B,306.00M,6.655B,879.00M,3.859B,814.00M,214.00M,3.884B,1.365B,-552.00M,12.88B,1.466B,4.133B,3.865B,13.09B,8.75B,9.228B,1.408B,1.615B,1.547B
CL,2018-12,-4.188B,726.00M,1.558B,12.00M,0.7,0.7,4.167B,8.336B,2.253B,2018-12,1.25B,606.00M,-37.00M,-37.00M,3.881B,235.00M,6.354B,882.00M,3.236B,832.00M,189.00M,3.811B,1.328B,-102.00M,12.16B,1.466B,3.793B,3.341B,11.96B,8.368B,8.623B,1.371B,1.76B,1.40B
CL,2018-09,-4.172B,841.00M,1.576B,85.00M,0.6,0.6,4.199B,8.451B,2.269B,2018-09,1.245B,523.00M,-36.00M,-36.00M,3.871B,325.00M,6.519B,874.00M,3.662B,820.00M,258.00M,3.845B,1.369B,-430.00M,12.57B,1.466B,4.141B,3.747B,12.64B,8.43B,8.892B,1.395B,1.518B,1.532B
CL,2018-06,-4.164B,833.00M,1.585B,346.00M,0.73,0.73,4.218B,8.408B,2.301B,2018-06,1.254B,637.00M,-35.00M,-35.00M,3.908B,206.00M,6.519B,946.00M,3.596B,888.00M,213.00M,3.886B,1.30B,-523.00M,12.65B,1.466B,4.172B,3.942B,12.84B,8.478B,8.897B,1.355B,1.503B,1.545B
CL,2018-03,-3.90B,851.00M,1.594B,159.00M,0.72,0.72,4.354B,8.648B,2.408B,2018-03,1.312B,634.00M,-35.00M,-35.00M,4.087B,249.00M,6.55B,983.00M,3.821B,924.00M,246.00M,4.002B,1.392B,-249.00M,13.14B,1.466B,4.292B,3.98B,13.04B,8.852B,9.063B,1.425B,1.641B,1.644B
CL,2017-12,-3.855B,1.535B,1.564B,11.00M,0.37,0.37,3.559B,8.46B,2.328B,2017-12,1.221B,323.00M,-28.00M,-28.00M,4.072B,204.00M,6.566B,963.00M,3.296B,896.00M,543.00M,3.892B,1.345B,-60.00M,12.68B,1.466B,4.639B,3.408B,12.43B,8.037B,9.025B,1.365B,1.689B,1.48B
CL,2017-09,-3.834B,1.38B,1.591B,7.00M,0.69,0.68,3.559B,8.419B,2.383B,2017-09,1.205B,607.00M,-27.00M,-27.00M,3.999B,196.00M,6.52B,957.00M,3.847B,900.00M,250.00M,3.974B,1.41B,-108.00M,12.78B,1.466B,4.736B,3.854B,12.51B,8.039B,8.654B,1.426B,1.555B,1.53B
CL,2017-06,-3.947B,1.241B,1.526B,13.00M,0.59,0.59,3.531B,8.261B,2.30B,2017-06,1.199B,524.00M,-24.00M,-24.00M,3.93B,195.00M,6.506B,878.00M,3.767B,829.00M,269.00M,3.826B,1.309B,-242.00M,12.58B,1.466B,4.555B,3.78B,12.49B,8.025B,8.712B,1.422B,1.535B,1.526B
CL,2017-03,-4.052B,1.347B,1.493B,7.00M,0.64,0.64,3.446B,8.146B,2.269B,2017-03,1.189B,570.00M,-23.00M,-23.00M,3.883B,198.00M,6.466B,912.00M,3.802B,862.00M,251.00M,3.762B,1.336B,-313.00M,12.45B,1.466B,4.596B,3.809B,12.45B,7.852B,8.644B,1.357B,1.695B,1.496B
CL,2016-12,-4.18B,1.315B,1.474B,13.00M,0.69,0.68,3.42B,7.942B,2.247B,2016-12,1.171B,606.00M,-21.00M,-21.00M,3.84B,246.00M,6.52B,1.076B,3.208B,934.00M,306.00M,3.721B,1.147B,-243.00M,12.12B,1.466B,4.338B,3.305B,12.11B,7.785B,8.801B,1.171B,1.677B,1.411B
CL,2016-09,-3.829B,1.298B,1.543B,907.00M,0.79,0.78,3.527B,8.309B,2.324B,2016-09,1.193B,702.00M,-25.00M,-25.00M,3.837B,270.00M,5.616B,1.071B,3.748B,1.046B,300.00M,3.867B,1.322B,-133.00M,12.62B,1.466B,4.764B,4.655B,12.40B,7.859B,7.74B,1.253B,1.426B,1.56B
CL,2016-06,-3.843B,1.085B,1.541B,953.00M,0.67,0.67,3.517B,8.247B,2.304B,2016-06,1.232B,600.00M,-25.00M,-25.00M,3.825B,258.00M,5.619B,944.00M,3.718B,919.00M,281.00M,3.845B,1.32B,-281.00M,12.52B,1.466B,4.614B,4.671B,12.48B,7.901B,7.81B,1.36B,1.446B,1.575B
CL,2016-03,-3.825B,1.014B,1.514B,703.00M,0.6,0.59,3.531B,8.222B,2.248B,2016-03,1.234B,533.00M,-28.00M,-28.00M,3.82B,249.00M,5.877B,867.00M,3.76B,839.00M,265.00M,3.762B,1.354B,-370.00M,12.45B,1.466B,4.49B,4.463B,12.52B,7.958B,8.058B,1.381B,1.478B,1.546B
CL,2015-12,-3.95B,970.00M,1.606B,302.00M,-0.51,-0.51,3.449B,8.059B,2.293B,2015-12,1.18B,-458.00M,-7.00M,-7.00M,3.796B,233.00M,6.246B,968.00M,3.153B,-146.00M,275.00M,3.899B,1.286B,-299.00M,11.94B,1.466B,4.384B,3.534B,11.98B,7.551B,8.445B,1.325B,1.508B,1.427B
CL,2015-09,-4.085B,1.445B,1.652B,236.00M,0.81,0.8,3.506B,8.312B,2.347B,2015-09,1.277B,726.00M,-5.00M,-5.00M,3.959B,234.00M,6.554B,1.136B,3.701B,1.131B,361.00M,3.999B,1.347B,255.00M,13.56B,1.466B,5.089B,3.937B,12.97B,8.474B,9.036B,1.211B,1.449B,1.561B
CL,2015-06,-3.776B,1.059B,1.699B,497.00M,0.63,0.63,3.612B,8.418B,2.367B,2015-06,1.324B,574.00M,-6.00M,-6.00M,4.039B,261.00M,6.186B,932.00M,3.709B,926.00M,310.00M,4.066B,1.381B,454.00M,13.66B,1.466B,4.988B,4.206B,12.90B,8.672B,8.697B,1.435B,1.466B,1.691B
CL,2015-03,-3.847B,859.00M,1.678B,506.00M,0.6,0.59,3.542B,8.212B,2.392B,2015-03,1.35B,542.00M,-8.00M,-8.00M,3.968B,233.00M,5.622B,860.00M,3.817B,852.00M,269.00M,4.07B,1.45B,460.00M,13.16B,1.466B,4.70B,4.323B,12.42B,8.456B,8.094B,1.532B,1.584B,1.611B
CL,2014-12,-3.507B,1.089B,1.746B,504.00M,0.69,0.68,3.72B,8.385B,2.475B,2014-12,1.382B,628.00M,-4.00M,-4.00M,4.08B,261.00M,5.644B,1.551B,3.348B,991.00M,325.00M,4.221B,1.434B,1.145B,13.46B,1.466B,4.863B,3.946B,12.07B,8.596B,8.128B,924.00M,1.647B,1.552B
CL,2014-09,-2.887B,1.355B,1.821B,614.00M,0.59,0.59,3.779B,8.413B,2.558B,2014-09,1.422B,542.00M,-4.00M,-4.00M,4.038B,355.00M,5.441B,948.00M,3.798B,944.00M,364.00M,4.379B,1.497B,1.42B,13.68B,1.466B,5.181B,4.412B,11.94B,8.504B,7.527B,1.61B,1.509B,1.747B
CL,2014-06,-2.504B,1.161B,1.80B,320.00M,0.68,0.67,3.975B,8.476B,2.552B,2014-06,1.508B,622.00M,-9.00M,-9.00M,4.077B,393.00M,5.741B,980.00M,3.741B,971.00M,310.00M,4.352B,1.507B,1.779B,13.99B,1.466B,5.174B,4.061B,11.92B,8.814B,7.856B,1.572B,1.495B,1.803B
CL,2014-03,-2.537B,1.795B,1.801B,920.00M,0.42,0.42,3.985B,8.363B,2.524B,2014-03,1.478B,388.00M,-7.00M,-7.00M,4.037B,393.00M,5.739B,634.00M,3.782B,627.00M,195.00M,4.325B,1.544B,1.63B,14.43B,1.466B,5.677B,4.702B,12.53B,8.755B,7.83B,1.89B,1.517B,1.67B
CL,2013-12,-2.451B,962.00M,1.794B,908.00M,0.61,0.6,3.97B,8.33B,2.567B,2013-12,1.425B,564.00M,1.00M,1.00M,4.083B,444.00M,4.749B,1.287B,3.566B,893.00M,292.00M,4.361B,1.612B,2.305B,13.98B,1.466B,4.931B,4.579B,11.45B,9.054B,6.87B,1.28B,1.713B,1.636B
CL,2013-09,-2.716B,721.00M,1.813B,607.00M,0.71,0.7,3.958B,8.051B,2.585B,2013-09,1.441B,656.00M,0,0,3.858B,312.00M,4.677B,1.016B,3.884B,1.016B,317.00M,4.398B,1.549B,1.784B,13.44B,1.466B,4.60B,4.491B,11.43B,8.839B,6.941B,1.569B,1.517B,1.737B
CL,2013-06,-2.825B,884.00M,1.812B,596.00M,0.6,0.6,3.883B,7.86B,2.534B,2013-06,1.44B,561.00M,5.00M,5.00M,3.776B,252.00M,5.032B,906.00M,3.848B,911.00M,307.00M,4.346B,1.526B,1.531B,13.49B,1.466B,4.867B,4.444B,11.68B,8.62B,7.239B,1.628B,1.557B,1.778B
CL,2013-03,-2.658B,932.00M,1.80B,262.00M,0.49,0.48,3.916B,7.877B,2.515B,2013-03,1.371B,460.00M,3.00M,3.00M,3.82B,286.00M,5.095B,742.00M,3.829B,745.00M,239.00M,4.315B,1.536B,1.772B,13.53B,733.00M,4.828B,4.091B,11.51B,8.705B,7.423B,1.773B,1.561B,1.808B
CL,2012-12,-2.621B,884.00M,1.781B,304.00M,0.64,0.62,3.999B,7.821B,2.505B,2012-12,1.365B,598.00M,5.00M,5.00M,3.842B,293.00M,4.926B,1.018B,3.336B,947.00M,311.00M,4.286B,1.487B,2.189B,13.39B,1.466B,4.556B,3.736B,11.00B,8.838B,7.268B,1.487B,1.592B,1.668B
CL,2012-09,-2.455B,909.00M,1.803B,303.00M,0.69,0.68,3.956B,7.587B,2.529B,2012-09,1.384B,654.00M,-4.00M,-4.00M,3.685B,327.00M,4.943B,1.027B,3.397B,1.023B,326.00M,4.332B,1.501B,2.507B,13.42B,733.00M,4.761B,3.70B,10.73B,8.663B,7.027B,1.502B,1.469B,1.857B
CL,2012-06,-2.554B,995.00M,1.806B,295.00M,0.66,0.65,3.927B,7.427B,2.461B,2012-06,1.368B,627.00M,-6.00M,-6.00M,3.625B,272.00M,5.068B,982.00M,3.271B,976.00M,311.00M,4.267B,1.464B,2.306B,13.15B,733.00M,4.835B,3.566B,10.64B,8.318B,7.077B,1.479B,1.514B,1.785B
CL,2012-03,-2.269B,1.044B,1.763B,372.00M,0.62,0.615,4.081B,7.509B,2.437B,2012-03,1.40B,593.00M,-10.00M,-10.00M,3.702B,248.00M,4.595B,938.00M,3.735B,928.00M,295.00M,4.20B,1.478B,2.29B,13.25B,733.00M,4.849B,4.107B,10.76B,8.405B,6.651B,1.499B,1.623B,1.827B
CL,2011-12,-2.475B,878.00M,1.779B,380.00M,0.61,0.605,3.998B,7.324B,2.393B,2011-12,1.327B,590.00M,-15.00M,-15.00M,3.668B,252.00M,4.43B,927.00M,3.246B,908.00M,283.00M,4.172B,1.444B,2.375B,12.72B,733.00M,4.402B,3.716B,10.18B,8.322B,6.467B,1.466B,1.671B,1.675B
CL,2011-09,-2.199B,945.00M,1.921B,988.00M,0.66,0.655,4.118B,7.229B,2.462B,2011-09,1.336B,643.00M,-10.00M,-10.00M,3.615B,275.00M,3.768B,973.00M,3.329B,1.025B,349.00M,4.383B,1.489B,2.667B,12.77B,733.00M,4.443B,4.317B,9.898B,8.325B,5.581B,1.489B,1.529B,1.677B
CL,2011-06,-1.748B,739.00M,1.781B,991.00M,0.635,0.63,4.377B,7.575B,2.404B,2011-06,1.417B,622.00M,-11.00M,-11.00M,3.831B,180.00M,4.02B,968.00M,3.258B,957.00M,311.00M,4.185B,1.421B,2.969B,13.24B,733.00M,4.47B,4.249B,10.10B,8.774B,5.851B,1.436B,1.609B,1.819B
CL,2011-03,-1.941B,686.00M,1.663B,638.00M,0.585,0.58,3.243B,7.353B,2.331B,2011-03,1.331B,576.00M,-16.00M,-16.00M,3.734B,1.892B,3.166B,915.00M,3.644B,899.00M,292.00M,3.994B,1.404B,2.419B,11.93B,733.00M,4.274B,4.282B,9.34B,7.657B,5.058B,1.416B,1.583B,1.787B
