Ticker,Date,Accrued Comprehensive Inc,Cash and Short Term Investments,Cost of Goods Sold,Current Debt & Capital Lease Obligation,EPS Basic,EPS Diluted,Goodwill and Intangibles,Gross PP&E,Gross Profit,Income (Quarterly),Inventories,Net Income,Net Non-Operating Interest Income Expense,Net Operating Interest Income,Net PP&E,Non-Current Deferred Liabilities,Non-Current Portion of LTD and Capital Lease Obligation,Operating Income,Payables and Accrued Expenses,Pre-Tax Income,Provision for Income Taxes,Research and Development Expense,Revenue,SG&A Expense,Shareholders Equity,Total Assets,Total Capital Stock,Total Current Assets,Total Current Liabilities,Total Liabilities,Total Long Term Assets,Total Long Term Liabilities,Total Operating Expenses,Total Payables,Total Receivables
CLX,2020-12,-575.00M,732.00M,1.005B,361.00M,2.06,2.03,2.852B,3.862B,837.00M,2020-12,609.00M,259.00M,-24.00M,-24.00M,1.543B,128.00M,2.796B,341.00M,1.377B,332.00M,71.00M,40.00M,1.842B,456.00M,1.184B,6.855B,131.00M,2.103B,1.738B,5.475B,4.752B,3.737B,496.00M,1.377B,616.00M
CLX,2020-09,-623.00M,860.00M,996.00M,64.00M,3.28,3.22,2.844B,3.727B,920.00M,2020-09,534.00M,415.00M,-25.00M,-25.00M,1.457B,104.00M,3.049B,471.00M,1.452B,526.00M,109.00M,32.00M,1.916B,417.00M,1.115B,6.777B,159.00M,2.144B,1.516B,5.466B,4.633B,3.95B,449.00M,1.452B,685.00M
CLX,2020-06,-640.00M,871.00M,1.054B,64.00M,2.45,2.41,2.471B,3.618B,929.00M,2020-06,454.00M,310.00M,-23.00M,-23.00M,1.394B,62.00M,3.058B,381.00M,1.066B,395.00M,85.00M,42.00M,1.983B,493.00M,908.00M,6.213B,159.00M,2.02B,1.418B,5.305B,4.193B,3.887B,548.00M,746.00M,648.00M
CLX,2020-03,-656.00M,496.00M,951.00M,703.00M,1.92,1.89,2.464B,3.547B,832.00M,2020-03,457.00M,241.00M,-24.00M,-24.00M,1.344B,66.00M,2.565B,340.00M,1.091B,297.00M,56.00M,39.00M,1.783B,453.00M,695.00M,5.85B,159.00M,1.75B,1.794B,5.155B,4.10B,3.361B,492.00M,1.091B,726.00M
CLX,2019-12,-601.00M,168.00M,810.00M,568.00M,1.48,1.46,2.493B,3.54B,639.00M,2019-12,514.00M,185.00M,-25.00M,-25.00M,1.355B,76.00M,2.57B,255.00M,945.00M,235.00M,50.00M,34.00M,1.449B,350.00M,555.00M,5.459B,159.00M,1.303B,1.513B,4.904B,4.156B,3.391B,384.00M,945.00M,544.00M
CLX,2019-09,-615.00M,150.00M,843.00M,506.00M,1.61,1.59,2.492B,3.502B,663.00M,2019-09,504.00M,203.00M,-25.00M,-25.00M,1.346B,68.00M,2.577B,285.00M,952.00M,258.00M,55.00M,30.00M,1.506B,348.00M,550.00M,5.397B,159.00M,1.266B,1.458B,4.847B,4.131B,3.389B,378.00M,952.00M,556.00M
CLX,2019-06,-602.00M,111.00M,893.00M,396.00M,1.91,1.88,2.503B,3.184B,734.00M,2019-06,512.00M,241.00M,-22.00M,-22.00M,1.034B,50.00M,2.287B,295.00M,886.00M,292.00M,51.00M,38.00M,1.627B,384.00M,559.00M,5.116B,159.00M,1.305B,1.44B,4.557B,3.811B,3.117B,439.00M,655.00M,631.00M
CLX,2019-03,-564.00M,178.00M,878.00M,321.00M,1.46,1.44,2.504B,3.125B,673.00M,2019-03,556.00M,187.00M,-24.00M,-24.00M,1.00B,60.00M,2.286B,262.00M,940.00M,240.00M,53.00M,34.00M,1.551B,377.00M,781.00M,5.162B,159.00M,1.393B,1.261B,4.381B,3.769B,3.12B,411.00M,940.00M,587.00M
CLX,2018-12,-577.00M,162.00M,830.00M,235.00M,1.42,1.4,2.505B,3.101B,643.00M,2018-12,578.00M,182.00M,-24.00M,-24.00M,992.00M,71.00M,2.285B,255.00M,951.00M,224.00M,42.00M,32.00M,1.473B,356.00M,742.00M,5.073B,159.00M,1.365B,1.186B,4.331B,3.708B,3.145B,388.00M,951.00M,528.00M
CLX,2018-09,-547.00M,162.00M,885.00M,280.00M,1.65,1.62,2.527B,3.072B,678.00M,2018-09,519.00M,210.00M,-24.00M,-24.00M,988.00M,68.00M,2.285B,295.00M,955.00M,268.00M,58.00M,32.00M,1.563B,351.00M,677.00M,5.058B,159.00M,1.317B,1.235B,4.381B,3.741B,3.146B,383.00M,955.00M,568.00M
CLX,2018-06,-547.00M,131.00M,947.00M,199.00M,1.69,1.66,2.531B,3.057B,744.00M,2018-06,506.00M,217.00M,-18.00M,-18.00M,996.00M,72.00M,2.284B,322.00M,847.00M,306.00M,89.00M,37.00M,1.691B,374.00M,726.00M,5.06B,159.00M,1.311B,1.20B,4.334B,3.749B,3.134B,422.00M,636.00M,600.00M
CLX,2018-03,-525.00M,1.174B,868.00M,1.066B,1.39,1.37,1.918B,2.988B,649.00M,2018-03,508.00M,181.00M,-20.00M,-20.00M,933.00M,27.00M,1.789B,259.00M,947.00M,242.00M,61.00M,32.00M,1.517B,358.00M,837.00M,5.444B,159.00M,2.373B,2.013B,4.607B,3.071B,2.594B,390.00M,947.00M,595.00M
CLX,2017-12,-524.00M,489.00M,807.00M,495.00M,1.81,1.77,1.922B,2.966B,609.00M,2017-12,494.00M,233.00M,-20.00M,-20.00M,935.00M,39.00M,1.788B,241.00M,885.00M,227.00M,-6.00M,31.00M,1.416B,337.00M,760.00M,4.758B,159.00M,1.68B,1.38B,3.998B,3.078B,2.618B,368.00M,885.00M,536.00M
CLX,2017-09,-524.00M,468.00M,827.00M,413.00M,1.49,1.46,1.923B,2.949B,673.00M,2017-09,462.00M,192.00M,-21.00M,-21.00M,934.00M,62.00M,1.787B,303.00M,963.00M,279.00M,87.00M,32.00M,1.50B,338.00M,592.00M,4.60B,159.00M,1.52B,1.376B,4.008B,3.08B,2.632B,370.00M,963.00M,531.00M
CLX,2017-06,-543.00M,418.00M,895.00M,804.00M,1.55,1.52,1.918B,2.932B,752.00M,2017-06,459.00M,201.00M,-18.00M,-18.00M,931.00M,61.00M,1.391B,311.00M,843.00M,295.00M,93.00M,37.00M,1.647B,394.00M,542.00M,4.573B,159.00M,1.514B,1.809B,4.031B,3.059B,2.222B,441.00M,617.00M,565.00M
CLX,2017-03,-565.00M,431.00M,827.00M,1.05B,1.34,1.31,1.918B,2.875B,650.00M,2017-03,510.00M,172.00M,-22.00M,-22.00M,903.00M,49.00M,1.39B,253.00M,948.00M,247.00M,75.00M,35.00M,1.477B,362.00M,404.00M,4.629B,159.00M,1.603B,1.998B,4.225B,3.026B,2.227B,397.00M,948.00M,568.00M
CLX,2016-12,-579.00M,414.00M,777.00M,1.159B,1.16,1.14,1.917B,2.887B,629.00M,2016-12,501.00M,149.00M,-22.00M,-22.00M,904.00M,77.00M,1.39B,272.00M,878.00M,227.00M,77.00M,32.00M,1.406B,325.00M,270.00M,4.568B,159.00M,1.549B,2.037B,4.298B,3.019B,2.261B,357.00M,878.00M,514.00M
CLX,2016-09,-567.00M,408.00M,803.00M,618.00M,1.39,1.36,1.929B,2.861B,640.00M,2016-09,465.00M,179.00M,-22.00M,-22.00M,917.00M,83.00M,1.789B,281.00M,904.00M,264.00M,85.00M,31.00M,1.443B,328.00M,289.00M,4.466B,159.00M,1.416B,1.522B,4.177B,3.05B,2.655B,359.00M,904.00M,494.00M
CLX,2016-06,-570.00M,401.00M,873.00M,523.00M,1.28,1.26,1.932B,2.817B,727.00M,2016-06,443.00M,165.00M,-16.00M,-16.00M,906.00M,82.00M,1.789B,260.00M,843.00M,252.00M,87.00M,42.00M,1.60B,417.00M,297.00M,4.51B,159.00M,1.485B,1.558B,4.213B,3.025B,2.655B,467.00M,598.00M,569.00M
CLX,2016-03,-542.00M,414.00M,780.00M,432.00M,1.25,1.23,1.632B,2.794B,646.00M,2016-03,460.00M,162.00M,-22.00M,-22.00M,887.00M,107.00M,1.796B,261.00M,955.00M,237.00M,78.00M,35.00M,1.426B,350.00M,259.00M,4.284B,159.00M,1.59B,1.387B,4.025B,2.694B,2.638B,385.00M,436.00M,530.00M
CLX,2015-12,-561.00M,390.00M,745.00M,500.00M,1.15,1.13,1.63B,2.752B,600.00M,2015-12,450.00M,149.00M,-22.00M,-22.00M,878.00M,83.00M,1.796B,249.00M,858.00M,230.00M,79.00M,34.00M,1.345B,317.00M,198.00M,4.175B,159.00M,1.49B,1.358B,3.977B,2.685B,2.619B,351.00M,366.00M,474.00M
CLX,2015-09,-541.00M,383.00M,765.00M,431.00M,1.33,1.31,1.634B,2.739B,625.00M,2015-09,408.00M,172.00M,-23.00M,-23.00M,885.00M,88.00M,1.796B,286.00M,920.00M,264.00M,91.00M,30.00M,1.39B,309.00M,119.00M,4.095B,159.00M,1.41B,1.351B,3.976B,2.685B,2.625B,339.00M,456.00M,472.00M
CLX,2015-06,-502.00M,382.00M,847.00M,395.00M,1.48,1.46,1.652B,2.757B,710.00M,2015-06,385.00M,191.00M,-19.00M,-19.00M,918.00M,95.00M,1.796B,291.00M,821.00M,289.00M,100.00M,39.00M,1.557B,372.00M,118.00M,4.164B,159.00M,1.429B,1.405B,4.046B,2.735B,2.641B,419.00M,565.00M,519.00M
CLX,2015-03,-481.00M,378.00M,796.00M,370.00M,1.31,1.3,1.654B,2.741B,605.00M,2015-03,440.00M,174.00M,-25.00M,-25.00M,917.00M,97.00M,1.796B,241.00M,930.00M,217.00M,73.00M,34.00M,1.401B,330.00M,302.00M,4.228B,159.00M,1.495B,1.30B,3.926B,2.733B,2.626B,364.00M,397.00M,528.00M
CLX,2014-12,-453.00M,819.00M,773.00M,877.00M,0.96,0.95,1.672B,2.742B,572.00M,2014-12,446.00M,125.00M,-26.00M,-26.00M,933.00M,81.00M,1.795B,221.00M,867.00M,197.00M,69.00M,33.00M,1.345B,318.00M,281.00M,4.674B,159.00M,1.905B,1.744B,4.393B,2.769B,2.649B,351.00M,375.00M,473.00M
CLX,2014-09,-416.00M,355.00M,774.00M,628.00M,0.7,0.68,1.686B,2.737B,578.00M,2014-09,397.00M,90.00M,-26.00M,-26.00M,947.00M,90.00M,1.596B,247.00M,905.00M,218.00M,73.00M,30.00M,1.352B,301.00M,169.00M,4.15B,159.00M,1.351B,1.533B,3.981B,2.799B,2.448B,331.00M,427.00M,455.00M
CLX,2014-06,-417.00M,329.00M,855.00M,718.00M,1.31,1.29,1.712B,2.753B,642.00M,2014-06,386.00M,170.00M,-23.00M,-23.00M,977.00M,103.00M,1.595B,275.00M,801.00M,263.00M,92.00M,35.00M,1.497B,324.00M,154.00M,4.258B,159.00M,1.395B,1.638B,4.104B,2.863B,2.466B,367.00M,548.00M,546.00M
CLX,2014-03,-418.00M,364.00M,791.00M,969.00M,1.05,1.04,1.71B,2.74B,575.00M,2014-03,447.00M,137.00M,-25.00M,-25.00M,970.00M,124.00M,1.595B,249.00M,869.00M,226.00M,75.00M,28.00M,1.366B,298.00M,53.00M,4.374B,159.00M,1.52B,1.838B,4.321B,2.854B,2.483B,326.00M,388.00M,551.00M
CLX,2013-12,-387.00M,341.00M,753.00M,342.00M,0.89,0.87,1.719B,2.742B,555.00M,2013-12,466.00M,115.00M,-26.00M,-26.00M,992.00M,116.00M,2.17B,206.00M,839.00M,184.00M,66.00M,31.00M,1.308B,318.00M,156.00M,4.388B,159.00M,1.50B,1.181B,4.232B,2.888B,3.051B,349.00M,359.00M,499.00M
CLX,2013-09,-368.00M,323.00M,759.00M,286.00M,1.04,1.03,1.731B,2.727B,584.00M,2013-09,439.00M,136.00M,-26.00M,-26.00M,1.007B,118.00M,2.17B,239.00M,884.00M,211.00M,72.00M,31.00M,1.343B,314.00M,81.00M,4.301B,159.00M,1.42B,1.17B,4.22B,2.881B,3.05B,345.00M,416.00M,506.00M
CLX,2013-06,-367.00M,299.00M,798.00M,202.00M,1.39,1.37,1.732B,2.732B,659.00M,2013-06,394.00M,183.00M,-23.00M,-23.00M,1.021B,119.00M,2.17B,292.00M,777.00M,268.00M,85.00M,35.00M,1.457B,326.00M,146.00M,4.311B,159.00M,1.42B,1.134B,4.165B,2.891B,3.031B,367.00M,538.00M,580.00M
CLX,2013-03,-378.00M,423.00M,818.00M,392.00M,1.01,1,1.751B,2.828B,595.00M,2013-03,454.00M,133.00M,-30.00M,-30.00M,1.041B,107.00M,2.169B,233.00M,916.00M,202.00M,68.00M,34.00M,1.413B,328.00M,152.00M,4.523B,159.00M,1.588B,1.308B,4.371B,2.935B,3.063B,362.00M,413.00M,562.00M
CLX,2012-12,-376.00M,445.00M,762.00M,505.00M,0.94,0.93,1.754B,2.83B,563.00M,2012-12,444.00M,123.00M,-33.00M,-33.00M,1.051B,116.00M,2.169B,212.00M,868.00M,188.00M,65.00M,31.00M,1.325B,320.00M,56.00M,4.502B,159.00M,1.552B,1.373B,4.446B,2.95B,3.073B,351.00M,375.00M,511.00M
CLX,2012-09,-369.00M,667.00M,764.00M,852.00M,1.02,1.01,1.762B,2.932B,574.00M,2012-09,421.00M,133.00M,-33.00M,-33.00M,1.098B,135.00M,2.169B,227.00M,873.00M,194.00M,61.00M,30.00M,1.338B,317.00M,-20.00M,4.747B,159.00M,1.745B,1.725B,4.767B,3.002B,3.042B,347.00M,415.00M,503.00M
CLX,2012-06,-396.00M,267.00M,883.00M,1.15B,1.34,1.32,1.754B,2.885B,658.00M,2012-06,384.00M,174.00M,-30.00M,-30.00M,1.081B,119.00M,1.571B,285.00M,746.00M,251.00M,77.00M,34.00M,1.541B,336.00M,-135.00M,4.355B,159.00M,1.376B,2.061B,4.49B,2.979B,2.429B,373.00M,502.00M,576.00M
CLX,2012-03,-304.00M,303.00M,808.00M,1.28B,1.02,1.01,1.768B,2.859B,593.00M,2012-03,454.00M,132.00M,-33.00M,-33.00M,1.039B,157.00M,1.57B,226.00M,851.00M,198.00M,64.00M,30.00M,1.401B,337.00M,-106.00M,4.386B,159.00M,1.442B,2.131B,4.492B,2.944B,2.361B,367.00M,379.00M,557.00M
CLX,2011-12,-323.00M,297.00M,714.00M,826.00M,0.79,0.79,1.762B,2.874B,507.00M,2011-12,451.00M,105.00M,-30.00M,-30.00M,1.041B,141.00M,2.07B,179.00M,811.00M,155.00M,50.00M,29.00M,1.221B,299.00M,-199.00M,4.29B,159.00M,1.348B,1.637B,4.489B,2.942B,2.852B,328.00M,373.00M,489.00M
CLX,2011-09,-314.00M,270.00M,759.00M,440.00M,0.99,0.98,1.679B,0,546.00M,2011-09,407.00M,130.00M,-29.00M,-29.00M,1.028B,137.00M,2.122B,210.00M,828.00M,187.00M,57.00M,28.00M,1.305B,308.00M,-76.00M,4.077B,159.00M,1.238B,1.268B,4.153B,2.839B,2.885B,336.00M,394.00M,439.00M
CLX,2011-06,-250.00M,259.00M,837.00M,459.00M,1.27,1.26,1.703B,0,645.00M,2011-06,382.00M,169.00M,-26.00M,-26.00M,1.039B,140.00M,2.125B,282.00M,906.00M,254.00M,85.00M,29.00M,1.482B,334.00M,-86.00M,4.163B,159.00M,1.279B,1.365B,4.249B,2.884B,2.884B,363.00M,464.00M,525.00M
CLX,2011-03,-307.00M,153.00M,729.00M,343.00M,1.1,1.09,1.702B,0,575.00M,2011-03,435.00M,151.00M,-29.00M,-29.00M,1.006B,61.00M,2.125B,239.00M,889.00M,219.00M,78.00M,29.00M,1.304B,307.00M,-82.00M,4.051B,159.00M,1.204B,1.232B,4.133B,2.847B,2.901B,336.00M,437.00M,499.00M
