Ticker,Date,Accrued Comprehensive Inc,Cash and Short Term Investments,Cost of Goods Sold,Current Debt & Capital Lease Obligation,Current Deferred Liabilities,EPS Basic,EPS Diluted,Goodwill and Intangibles,Gross PP&E,Gross Profit,Income (Quarterly),Inventories,Net Income,Net Non-Operating Interest Income Expense,Net Operating Interest Income,Net PP&E,Non-Current Deferred Liabilities,Non-Current Portion of LTD and Capital Lease Obligation,Operating Income,Payables and Accrued Expenses,Pre-Tax Income,Provision for Income Taxes,Revenue,Shareholders Equity,Total Assets,Total Capital Stock,Total Current Assets,Total Current Liabilities,Total Liabilities,Total Long Term Assets,Total Long Term Liabilities,Total Operating Expenses,Total Payables,Total Receivables
CMS,2020-12,-86.00M,168.00M,1.07B,1.506B,0,0.55,0.55,0,28.99B,728.00M,2020-12,576.00M,158.00M,-139.00M,-139.00M,21.04B,1.978B,13.69B,352.00M,1.261B,197.00M,35.00M,1.798B,5.496B,29.67B,3.00M,2.404B,3.074B,23.59B,27.26B,20.52B,376.00M,1.135B,1.157B
CMS,2020-09,-79.00M,519.00M,903.00M,1.799B,0,0.76,0.76,0,28.48B,672.00M,2020-09,639.00M,218.00M,-142.00M,-142.00M,20.63B,1.937B,13.34B,369.00M,931.00M,254.00M,44.00M,1.575B,5.32B,29.28B,3.00M,2.494B,2.992B,23.38B,26.79B,20.39B,303.00M,795.00M,941.00M
CMS,2020-06,-76.00M,1.587B,872.00M,1.744B,0,0.48,0.48,0,27.13B,571.00M,2020-06,506.00M,136.00M,-140.00M,-140.00M,19.44B,1.881B,13.48B,273.00M,1.114B,164.00M,27.00M,1.443B,5.214B,28.58B,3.00M,3.532B,3.123B,23.33B,25.05B,20.21B,298.00M,961.00M,1.021B
CMS,2020-03,-76.00M,834.00M,1.066B,1.721B,0,0.86,0.85,0,26.71B,798.00M,2020-03,434.00M,243.00M,-129.00M,-129.00M,19.14B,1.841B,12.62B,368.00M,969.00M,270.00M,27.00M,1.864B,5.185B,27.45B,3.00M,2.817B,2.94B,22.22B,24.63B,19.28B,430.00M,827.00M,1.151B
CMS,2019-12,-73.00M,140.00M,1.135B,1.22B,0,0.59,0.58,0,26.29B,660.00M,2019-12,605.00M,167.00M,-132.00M,-132.00M,18.93B,1.775B,12.03B,311.00M,1.211B,205.00M,37.00M,1.795B,5.018B,26.84B,3.00M,2.331B,2.704B,21.78B,24.51B,19.08B,349.00M,1.072B,1.145B
CMS,2019-09,-67.00M,403.00M,910.00M,1.074B,0,0.73,0.73,0,25.79B,636.00M,2019-09,699.00M,207.00M,-131.00M,-131.00M,18.52B,1.704B,12.12B,351.00M,849.00M,249.00M,42.00M,1.546B,4.957B,26.01B,3.00M,2.305B,2.165B,21.02B,23.70B,18.85B,285.00M,732.00M,897.00M
CMS,2019-06,-67.00M,312.00M,940.00M,1.077B,0,0.33,0.33,0,25.24B,505.00M,2019-06,552.00M,93.00M,-129.00M,-129.00M,18.11B,1.665B,11.32B,218.00M,1.06B,114.00M,20.00M,1.445B,4.851B,25.29B,3.00M,2.254B,2.386B,20.40B,23.04B,18.02B,287.00M,931.00M,1.023B
CMS,2019-03,-66.00M,234.00M,1.296B,872.00M,0,0.75,0.75,0,25.55B,763.00M,2019-03,442.00M,213.00M,-120.00M,-120.00M,18.32B,1.642B,11.20B,359.00M,979.00M,261.00M,48.00M,2.059B,4.858B,24.79B,3.00M,2.376B,2.106B,19.90B,22.42B,17.79B,404.00M,845.00M,1.279B
CMS,2018-12,-65.00M,153.00M,1.254B,1.093B,0,0.38,0.38,0,25.16B,575.00M,2018-12,650.00M,108.00M,-118.00M,-118.00M,18.13B,1.586B,10.68B,250.00M,1.229B,126.00M,17.00M,1.829B,4.755B,24.53B,3.00M,2.468B,2.624B,19.74B,22.06B,17.11B,325.00M,1.131B,1.227B
CMS,2018-09,-59.00M,323.00M,1.032B,2.25B,0,0.6,0.59,0,24.70B,567.00M,2018-09,741.00M,169.00M,-112.00M,-112.00M,17.79B,1.483B,8.944B,294.00M,893.00M,202.00M,33.00M,1.599B,4.749B,23.91B,3.00M,2.374B,3.442B,19.13B,21.54B,15.68B,273.00M,796.00M,962.00M
CMS,2018-06,-61.00M,477.00M,965.00M,1.216B,0,0.49,0.49,0,24.04B,527.00M,2018-06,570.00M,139.00M,-108.00M,-108.00M,17.24B,1.446B,9.353B,255.00M,1.043B,165.00M,25.00M,1.492B,4.672B,23.31B,3.00M,2.286B,2.535B,18.60B,21.03B,16.07B,272.00M,896.00M,928.00M
CMS,2018-03,-61.00M,195.00M,1.224B,1.286B,0,0.86,0.86,0,23.59B,729.00M,2018-03,445.00M,241.00M,-109.00M,-109.00M,16.90B,1.412B,9.082B,363.00M,928.00M,281.00M,40.00M,1.953B,4.596B,22.87B,3.00M,2.207B,2.482B,18.24B,20.66B,15.75B,366.00M,805.00M,1.216B
CMS,2017-12,-50.00M,182.00M,1.095B,1.273B,0,-0.01,-0.01,0,23.27B,683.00M,2017-12,672.00M,-3.00M,-108.00M,-108.00M,16.76B,1.356B,9.214B,379.00M,1.236B,222.00M,224.00M,1.778B,4.441B,23.05B,3.00M,2.475B,2.784B,18.57B,20.58B,15.79B,304.00M,1.10B,1.242B
CMS,2017-09,-47.00M,142.00M,942.00M,1.21B,0,0.61,0.61,0,22.85B,585.00M,2017-09,787.00M,172.00M,-108.00M,-108.00M,16.44B,2.589B,9.121B,330.00M,836.00M,229.00M,57.00M,1.527B,4.535B,22.12B,3.00M,2.121B,2.261B,17.55B,20.00B,15.29B,255.00M,722.00M,840.00M
CMS,2017-06,-48.00M,418.00M,945.00M,840.00M,0,0.33,0.33,0,22.43B,504.00M,2017-06,582.00M,92.00M,-108.00M,-108.00M,16.12B,2.511B,9.19B,241.00M,1.045B,140.00M,47.00M,1.449B,4.449B,21.87B,3.00M,2.211B,2.115B,17.38B,19.66B,15.27B,263.00M,864.00M,871.00M
CMS,2017-03,-49.00M,433.00M,1.098B,812.00M,0,0.71,0.71,0,22.06B,731.00M,2017-03,425.00M,199.00M,-102.00M,-102.00M,15.86B,2.462B,9.233B,388.00M,894.00M,295.00M,96.00M,1.829B,4.37B,21.62B,3.00M,2.215B,1.926B,17.22B,19.41B,15.29B,343.00M,748.00M,973.00M
CMS,2016-12,-50.00M,235.00M,1.074B,1.284B,0,0.28,0.28,0,21.77B,566.00M,2016-12,626.00M,77.00M,-109.00M,-109.00M,15.72B,2.36B,8.75B,280.00M,1.077B,124.00M,46.00M,1.64B,4.253B,21.62B,3.00M,2.28B,2.655B,17.33B,19.34B,14.68B,286.00M,958.00M,1.013B
CMS,2016-09,-45.00M,339.00M,967.00M,1.08B,0,0.67,0.67,0,21.40B,620.00M,2016-09,736.00M,186.00M,-109.00M,-109.00M,15.44B,2.304B,8.832B,375.00M,750.00M,281.00M,95.00M,1.587B,4.259B,20.84B,3.00M,2.198B,2.069B,16.55B,18.64B,14.48B,245.00M,641.00M,792.00M
CMS,2016-06,-47.00M,385.00M,860.00M,918.00M,0,0.45,0.45,0,21.11B,511.00M,2016-06,573.00M,124.00M,-106.00M,-106.00M,15.19B,2.20B,8.596B,275.00M,968.00M,183.00M,58.00M,1.371B,4.156B,20.46B,3.00M,2.031B,2.091B,16.27B,18.43B,14.18B,236.00M,820.00M,757.00M
CMS,2016-03,-47.00M,177.00M,1.15B,950.00M,0,0.59,0.59,0,20.78B,651.00M,2016-03,498.00M,164.00M,-105.00M,-105.00M,14.91B,2.133B,8.284B,326.00M,903.00M,238.00M,74.00M,1.801B,4.109B,20.04B,3.00M,1.89B,2.047B,15.89B,18.15B,13.84B,325.00M,797.00M,876.00M
CMS,2015-12,-47.00M,266.00M,1.001B,955.00M,0,0.39,0.38,0,20.45B,508.00M,2015-12,778.00M,106.00M,-82.00M,-82.00M,14.70B,2.073B,8.518B,260.00M,1.123B,167.00M,60.00M,1.509B,3.938B,20.30B,3.00M,2.32B,2.302B,16.32B,17.98B,14.02B,248.00M,991.00M,913.00M
CMS,2015-09,-49.00M,150.00M,937.00M,809.00M,0,0.53,0.53,0,19.86B,549.00M,2015-09,863.00M,148.00M,-100.00M,-100.00M,14.16B,2.036B,8.014B,317.00M,768.00M,223.00M,75.00M,1.486B,3.902B,19.45B,3.00M,2.123B,1.788B,15.51B,17.33B,13.72B,232.00M,684.00M,781.00M
CMS,2015-06,-48.00M,477.00M,917.00M,519.00M,21.00M,0.25,0.25,0,19.41B,433.00M,2015-06,683.00M,67.00M,-102.00M,-102.00M,13.78B,1.956B,8.153B,204.00M,929.00M,104.00M,36.00M,1.35B,3.818B,19.24B,3.00M,2.291B,1.64B,15.38B,16.95B,13.74B,229.00M,799.00M,795.00M
CMS,2015-03,-48.00M,522.00M,1.411B,543.00M,0,0.73,0.73,0,19.07B,700.00M,2015-03,540.00M,202.00M,-100.00M,-100.00M,13.53B,1.869B,8.26B,397.00M,850.00M,302.00M,100.00M,2.111B,3.802B,19.20B,3.00M,2.501B,1.599B,15.36B,16.70B,13.76B,303.00M,760.00M,1.022B
CMS,2014-12,-49.00M,207.00M,1.239B,600.00M,66.00M,0.35,0.35,0,18.83B,519.00M,2014-12,918.00M,96.00M,-101.00M,-101.00M,13.41B,1.785B,8.139B,273.00M,1.118B,152.00M,55.00M,1.758B,3.67B,19.18B,3.00M,2.597B,1.948B,15.48B,16.59B,13.53B,246.00M,1.004B,1.017B
CMS,2014-09,-20.00M,493.00M,984.00M,690.00M,0,0.34,0.34,0,18.37B,446.00M,2014-09,1.043B,94.00M,-100.00M,-100.00M,13.04B,1.787B,8.171B,236.00M,767.00M,141.00M,47.00M,1.43B,3.67B,18.38B,3.00M,2.734B,1.648B,14.67B,15.65B,13.03B,210.00M,702.00M,899.00M
CMS,2014-06,-20.00M,358.00M,1.026B,439.00M,0,0.31,0.3,0,17.92B,442.00M,2014-06,775.00M,83.00M,-100.00M,-100.00M,12.68B,1.715B,7.666B,235.00M,925.00M,127.00M,43.00M,1.468B,3.645B,17.72B,3.00M,2.465B,1.563B,14.04B,15.25B,12.47B,207.00M,822.00M,1.005B
CMS,2014-03,-21.00M,758.00M,1.841B,666.00M,0,0.77,0.75,0,17.53B,682.00M,2014-03,537.00M,204.00M,-101.00M,-101.00M,12.36B,1.686B,7.671B,408.00M,934.00M,309.00M,105.00M,2.523B,3.618B,17.92B,3.00M,2.969B,1.801B,14.27B,14.96B,12.47B,274.00M,867.00M,1.299B
CMS,2013-12,-22.00M,172.00M,1.247B,732.00M,0,0.38,0.37,0,17.33B,489.00M,2013-12,881.00M,102.00M,-99.00M,-99.00M,12.25B,1.656B,7.239B,264.00M,1.00B,164.00M,62.00M,1.736B,3.454B,17.42B,3.00M,2.526B,1.945B,13.92B,14.89B,11.98B,225.00M,892.00M,987.00M
CMS,2013-09,-39.00M,260.00M,929.00M,532.00M,0,0.48,0.46,0,17.51B,516.00M,2013-09,1.089B,126.00M,-98.00M,-98.00M,12.15B,1.396B,7.229B,317.00M,679.00M,218.00M,91.00M,1.445B,3.396B,16.99B,3.00M,2.401B,1.464B,13.55B,14.58B,12.09B,199.00M,614.00M,799.00M
CMS,2013-06,-56.00M,537.00M,987.00M,758.00M,77.00M,0.3,0.29,0,17.19B,419.00M,2013-06,830.00M,80.00M,-100.00M,-100.00M,11.92B,1.157B,6.839B,232.00M,820.00M,135.00M,54.00M,1.406B,3.323B,17.43B,3.00M,2.485B,1.802B,14.07B,14.94B,12.27B,187.00M,727.00M,834.00M
CMS,2013-03,-54.00M,586.00M,1.399B,732.00M,49.00M,0.55,0.53,0,16.87B,580.00M,2013-03,637.00M,144.00M,-98.00M,-98.00M,11.67B,1.14B,6.89B,329.00M,716.00M,239.00M,95.00M,1.979B,3.306B,17.27B,3.00M,2.528B,1.645B,13.92B,14.74B,12.27B,251.00M,647.00M,1.025B
CMS,2012-12,-55.00M,93.00M,1.24B,651.00M,68.00M,0.25,0.25,0,16.67B,430.00M,2012-12,1.084B,67.00M,-94.00M,-94.00M,11.55B,1.058B,6.863B,213.00M,901.00M,109.00M,42.00M,1.67B,3.194B,17.13B,3.00M,2.422B,1.797B,13.89B,14.71B,12.10B,217.00M,800.00M,938.00M
CMS,2012-09,-43.00M,128.00M,974.00M,510.00M,52.00M,0.56,0.55,0,16.24B,533.00M,2012-09,1.272B,148.00M,-95.00M,-95.00M,11.19B,1.20B,6.866B,342.00M,664.00M,247.00M,98.00M,1.507B,3.196B,16.61B,3.00M,2.36B,1.485B,13.37B,14.25B,11.88B,191.00M,583.00M,706.00M
CMS,2012-06,-45.00M,187.00M,895.00M,653.00M,28.00M,0.38,0.37,0,15.97B,438.00M,2012-06,1.052B,100.00M,-97.00M,-97.00M,11.00B,1.134B,6.378B,260.00M,868.00M,168.00M,67.00M,1.333B,3.111B,16.29B,3.00M,2.206B,1.807B,13.14B,14.09B,11.33B,178.00M,735.00M,720.00M
CMS,2012-03,-47.00M,358.00M,1.314B,837.00M,0,0.23,0.22,0,15.76B,429.00M,2012-03,888.00M,67.00M,-98.00M,-98.00M,10.76B,1.101B,6.355B,188.00M,723.00M,98.00M,38.00M,1.743B,3.049B,16.16B,3.00M,2.268B,1.819B,13.07B,13.89B,11.25B,241.00M,623.00M,785.00M
CMS,2011-12,-49.00M,161.00M,2.118B,1.057B,132.00M,0.16,0.14,0,15.53B,-498.00M,2011-12,1.187B,41.00M,-101.00M,-101.00M,10.63B,1.081B,6.207B,174.00M,997.00M,64.00M,23.00M,1.62B,3.028B,16.45B,3.00M,2.565B,2.338B,13.38B,13.89B,11.04B,-672.00M,866.00M,928.00M
CMS,2011-09,-40.00M,623.00M,694.00M,1.14B,154.00M,0.55,0.53,0,15.28B,770.00M,2011-09,1.279B,139.00M,-100.00M,-100.00M,10.41B,917.00M,6.208B,316.00M,690.00M,221.00M,81.00M,1.464B,3.043B,15.96B,3.00M,2.86B,2.214B,12.87B,13.10B,10.66B,454.00M,596.00M,762.00M
CMS,2011-06,-38.00M,994.00M,696.00M,1.123B,150.00M,0.4,0.38,0,15.06B,668.00M,2011-06,969.00M,100.00M,-102.00M,-102.00M,10.26B,815.00M,6.361B,207.00M,841.00M,111.00M,10.00M,1.364B,2.958B,15.94B,3.00M,2.956B,2.241B,12.94B,12.99B,10.70B,461.00M,691.00M,786.00M
CMS,2011-03,-40.00M,801.00M,1.241B,1.275B,0,0.54,0.52,0,14.87B,814.00M,2011-03,712.00M,135.00M,-103.00M,-103.00M,10.14B,593.00M,6.108B,306.00M,755.00M,210.00M,77.00M,2.055B,2.887B,15.64B,3.00M,2.741B,2.29B,12.71B,12.90B,10.42B,508.00M,660.00M,996.00M
