Ticker,Date,Accrued Comprehensive Inc,Cash and Short Term Investments,Cost of Goods Sold,Current Debt & Capital Lease Obligation,Current Deferred Liabilities,EPS Basic,EPS Diluted,Goodwill and Intangibles,Gross PP&E,Gross Profit,Income (Quarterly),Net Income,Net Non-Operating Interest Income Expense,Net Operating Interest Income,Net PP&E,Non-Current Deferred Liabilities,Non-Current Portion of LTD and Capital Lease Obligation,Operating Income,Payables and Accrued Expenses,Pre-Tax Income,Provision for Income Taxes,Revenue,SG&A Expense,Shareholders Equity,Total Assets,Total Capital Stock,Total Current Assets,Total Current Liabilities,Total Liabilities,Total Long Term Assets,Total Long Term Liabilities,Total Operating Expenses,Total Payables,Total Receivables
CNC,2020-12,337.00M,12.38B,24.98B,301.00M,523.00M,-0.02,-0.02,27.04B,5.562B,3.304B,2020-12,-12.00M,-177.00M,-177.00M,4.085B,1.534B,18.02B,15.00M,8.323B,-74.00M,-55.00M,28.29B,3.097B,25.77B,68.72B,1.00M,23.39B,21.58B,42.83B,45.33B,21.25B,3.289B,8.323B,9.696B
CNC,2020-09,293.00M,13.70B,25.18B,287.00M,582.00M,0.98,0.97,26.09B,3.757B,3.908B,2020-09,568.00M,-184.00M,-184.00M,3.757B,189.00M,17.78B,861.00M,8.027B,772.00M,207.00M,29.09B,2.883B,25.72B,68.36B,0,27.28B,21.80B,42.52B,41.09B,20.73B,3.047B,8.027B,11.67B
CNC,2020-06,245.00M,14.36B,22.86B,106.00M,448.00M,2.08,2.05,26.14B,2.544B,4.849B,2020-06,1.206B,-187.00M,-187.00M,2.544B,0,16.71B,2.018B,9.946B,1.944B,742.00M,27.71B,2.634B,25.06B,68.35B,0,26.82B,21.92B,43.18B,41.52B,21.26B,2.831B,9.946B,10.34B
CNC,2020-03,-5.00M,10.69B,22.87B,129.00M,526.00M,0.08,0.08,26.32B,2.439B,3.155B,2020-03,46.00M,-180.00M,-180.00M,2.439B,0,17.15B,260.00M,9.583B,131.00M,85.00M,26.02B,2.729B,23.55B,66.43B,0,24.70B,21.65B,42.78B,41.74B,21.12B,2.895B,9.583B,11.30B
CNC,2019-12,134.00M,12.99B,16.79B,249.00M,383.00M,0.5,0.49,8.926B,3.884B,2.074B,2019-12,209.00M,-113.00M,-113.00M,2.782B,0,14.26B,277.00M,4.827B,260.00M,58.00M,18.86B,1.733B,12.55B,40.99B,0,20.32B,12.93B,28.34B,20.67B,15.40B,1.797B,4.827B,6.247B
CNC,2019-09,145.00M,7.019B,16.85B,66.00M,381.00M,0.23,0.23,8.958B,1.993B,2.129B,2019-09,95.00M,-99.00M,-99.00M,1.993B,0,6.975B,447.00M,4.858B,175.00M,79.00M,18.98B,1.617B,12.31B,34.25B,0,13.46B,13.28B,21.85B,20.80B,8.567B,1.682B,4.858B,5.606B
CNC,2019-06,119.00M,7.64B,16.08B,87.00M,253.00M,1.2,1.18,9.289B,1.878B,2.281B,2019-06,495.00M,-101.00M,-101.00M,1.878B,0,7.047B,643.00M,4.866B,662.00M,170.00M,18.36B,1.574B,12.15B,34.37B,0,13.60B,12.65B,22.12B,20.77B,9.467B,1.638B,4.866B,5.194B
CNC,2019-03,38.00M,7.042B,16.08B,40.00M,363.00M,1.26,1.24,9.189B,1.80B,2.359B,2019-03,522.00M,-99.00M,-99.00M,1.80B,0,6.775B,685.00M,5.359B,685.00M,166.00M,18.44B,1.609B,11.54B,33.57B,0,13.62B,13.14B,21.94B,19.95B,8.792B,1.674B,5.359B,5.819B
CNC,2018-12,-56.00M,6.064B,14.38B,38.00M,385.00M,0.585,0.575,9.254B,2.506B,2.183B,2018-12,241.00M,-98.00M,-98.00M,1.706B,0,6.648B,388.00M,4.717B,357.00M,116.00M,16.56B,1.733B,10.92B,30.90B,0,12.00B,11.97B,19.89B,18.90B,7.917B,1.795B,4.717B,5.15B
CNC,2018-09,-79.00M,7.441B,13.96B,4.00M,286.00M,0.05,0.05,9.226B,1.584B,2.218B,2018-09,19.00M,-97.00M,-97.00M,1.584B,0,6.379B,41.00M,5.468B,24.00M,8.00M,16.18B,2.112B,10.65B,31.16B,0,13.09B,12.74B,20.41B,18.07B,7.666B,2.177B,5.468B,4.647B
CNC,2018-06,-67.00M,7.309B,12.23B,4.00M,523.00M,0.77,0.75,6.847B,1.327B,1.954B,2018-06,300.00M,-80.00M,-80.00M,1.327B,0,6.275B,489.00M,4.332B,474.00M,175.00M,14.18B,1.42B,10.61B,28.74B,0,12.38B,9.862B,18.05B,16.37B,8.184B,1.465B,4.332B,4.067B
CNC,2018-03,-54.00M,6.175B,11.13B,4.00M,638.00M,0.98,0.96,6.814B,1.25B,2.066B,2018-03,340.00M,-68.00M,-68.00M,1.25B,0,5.172B,540.00M,5.477B,513.00M,175.00M,13.19B,1.487B,7.503B,25.17B,0,10.98B,10.89B,17.59B,14.19B,6.70B,1.526B,5.477B,3.648B
CNC,2017-12,-3.00M,4.603B,11.33B,4.00M,328.00M,0.665,0.65,6.147B,1.694B,1.48B,2017-12,230.00M,-66.00M,-66.00M,1.104B,0,4.695B,181.00M,4.714B,168.00M,-55.00M,12.81B,1.26B,6.85B,21.86B,0,8.703B,9.332B,14.99B,13.15B,5.659B,1.299B,4.714B,3.413B
CNC,2017-09,9.00M,4.876B,10.49B,4.00M,568.00M,0.595,0.58,6.14B,1.003B,1.408B,2017-09,205.00M,-65.00M,-65.00M,1.003B,0,4.717B,340.00M,4.804B,326.00M,125.00M,11.90B,1.03B,6.64B,22.00B,0,9.66B,9.709B,15.35B,12.34B,5.638B,1.068B,4.804B,3.955B
CNC,2017-06,1.00M,5.011B,10.41B,4.00M,554.00M,0.735,0.72,6.178B,912.00M,1.542B,2017-06,254.00M,-62.00M,-62.00M,912.00M,0,4.716B,438.00M,4.238B,421.00M,169.00M,11.95B,1.065B,6.378B,21.84B,0,9.648B,8.966B,15.45B,12.19B,6.482B,1.104B,4.238B,3.901B
CNC,2017-03,-21.00M,5.564B,10.35B,4.00M,633.00M,0.405,0.395,6.216B,841.00M,1.371B,2017-03,139.00M,-62.00M,-62.00M,841.00M,0,4.643B,240.00M,4.275B,219.00M,87.00M,11.72B,1.091B,6.07B,21.36B,0,9.408B,9.202B,15.28B,11.95B,6.076B,1.131B,4.275B,3.121B
CNC,2016-12,-36.00M,4.435B,10.14B,4.00M,313.00M,0.765,0.745,6.257B,1.239B,1.766B,2016-12,261.00M,-75.00M,-75.00M,797.00M,0,4.651B,524.00M,4.377B,483.00M,227.00M,11.91B,1.19B,5.895B,20.20B,0,8.365B,8.623B,14.29B,11.83B,5.665B,1.242B,4.377B,3.215B
CNC,2016-09,46.00M,3.388B,9.392B,845.00M,573.00M,0.43,0.42,6.296B,725.00M,1.454B,2016-09,147.00M,-57.00M,-57.00M,725.00M,0,3.744B,342.00M,3.838B,318.00M,169.00M,10.85B,1.069B,5.71B,19.63B,0,7.755B,9.023B,13.91B,11.88B,4.887B,1.112B,3.838B,3.445B
CNC,2016-06,43.00M,3.153B,9.398B,845.00M,212.00M,0.5,0.485,6.316B,626.00M,1.499B,2016-06,170.00M,-52.00M,-52.00M,626.00M,0,3.649B,377.00M,3.807B,357.00M,187.00M,10.90B,1.079B,5.529B,19.50B,0,7.853B,8.814B,13.96B,11.64B,5.142B,1.122B,3.807B,3.488B
CNC,2016-03,10.00M,3.705B,6.128B,4.00M,197.00M,-0.065,-0.065,6.088B,580.00M,825.00M,2016-03,-16.00M,-33.00M,-33.00M,580.00M,0,4.276B,20.00M,3.807B,2.00M,16.00M,6.953B,796.00M,5.297B,18.65B,0,7.551B,7.871B,13.34B,11.10B,5.472B,805.00M,3.807B,2.529B
CNC,2015-12,-10.00M,1.936B,5.511B,5.00M,143.00M,0.465,0.45,997.00M,869.00M,791.00M,2015-12,111.00M,-11.00M,-11.00M,518.00M,0,1.216B,220.00M,1.183B,217.00M,105.00M,6.302B,565.00M,2.157B,7.339B,0,3.605B,3.629B,5.171B,3.734B,1.542B,571.00M,1.183B,1.279B
CNC,2015-09,-2.00M,1.827B,5.12B,5.00M,66.00M,0.39,0.38,1.01B,488.00M,701.00M,2015-09,93.00M,-11.00M,-11.00M,488.00M,0,1.276B,183.00M,1.348B,180.00M,87.00M,5.821B,512.00M,2.051B,7.322B,0,3.596B,3.563B,5.269B,3.726B,1.706B,518.00M,1.348B,1.281B
CNC,2015-06,-4.00M,2.107B,4.839B,5.00M,68.00M,0.37,0.36,959.00M,462.00M,667.00M,2015-06,88.00M,-11.00M,-11.00M,462.00M,0,1.139B,173.00M,1.293B,172.00M,84.00M,5.506B,489.00M,1.94B,7.022B,0,3.838B,3.458B,5.082B,3.184B,1.624B,494.00M,1.293B,1.248B
CNC,2015-03,-1.00M,1.817B,4.544B,5.00M,117.00M,0.265,0.255,917.00M,450.00M,587.00M,2015-03,63.00M,-10.00M,-10.00M,450.00M,0,1.123B,129.00M,1.271B,128.00M,63.00M,5.131B,451.00M,1.837B,6.696B,0,3.59B,3.343B,4.859B,3.106B,1.516B,458.00M,1.271B,1.245B
CNC,2014-12,-1.00M,1.787B,4.136B,5.00M,168.00M,0.455,0.44,874.00M,733.00M,588.00M,2014-12,107.00M,-10.00M,-10.00M,445.00M,0,874.00M,193.00M,1.004B,193.00M,89.00M,4.724B,379.00M,1.744B,5.824B,0,2.951B,2.90B,4.081B,2.873B,1.181B,395.00M,1.004B,912.00M
CNC,2014-09,-0.605M,1.750B,3.878B,5.131M,94.96M,0.35,0.34,880.36M,424.23M,474.00M,2014-09,82.00M,-9.00M,-9.00M,424.23M,0,949.72M,108.00M,926.78M,105.00M,27.00M,4.352B,366.00M,1.633B,5.446B,0.061M,2.768B,2.634B,3.805B,2.679B,1.171B,366.00M,926.78M,685.19M
CNC,2014-06,2.214M,1.386B,3.579B,6.135M,22.47M,0.21,0.205,723.97M,423.90M,445.00M,2014-06,49.00M,-9.00M,-9.00M,423.90M,0,884.89M,93.00M,670.34M,91.00M,45.00M,4.024B,352.00M,1.476B,4.683B,0.061M,2.325B,2.118B,3.197B,2.358B,1.079B,352.00M,670.34M,610.97M
CNC,2014-03,-0.614M,1.370B,3.063B,6.11M,74.26M,0.145,0.14,742.68M,412.70M,397.00M,2014-03,33.00M,-7.00M,-7.00M,412.70M,0,810.97M,70.00M,614.54M,68.00M,35.00M,3.46B,327.00M,1.413B,4.446B,0.061M,2.282B,2.021B,3.024B,2.165B,1.003B,327.00M,614.54M,570.10M
CNC,2013-12,-3.00M,1.14B,2.592B,3.00M,38.00M,0.2425,0.2325,397.00M,639.00M,339.89M,2013-12,53.14M,-6.739M,-6.739M,395.00M,0,666.00M,84.67M,376.00M,83.83M,34.06M,2.931B,255.22M,1.234B,3.529B,0,1.80B,1.559B,2.286B,1.729B,727.00M,255.22M,376.00M,429.00M
CNC,2013-09,-1.845M,863.91M,2.463B,3.046M,41.87M,0.225,0.2175,398.09M,390.20M,333.02M,2013-09,49.37M,-6.603M,-6.603M,390.20M,0,517.93M,83.99M,270.38M,82.15M,32.28M,2.796B,249.03M,1.180B,3.139B,0.058M,1.368B,1.387B,1.954B,1.771B,566.97M,249.03M,270.38M,355.95M
CNC,2013-06,-4.061M,820.04M,2.318B,3.029M,21.81M,0.18,0.175,397.04M,388.96M,292.20M,2013-06,39.48M,-7.033M,-7.033M,388.96M,0,548.47M,68.74M,216.33M,65.78M,25.97M,2.611B,223.46M,1.118B,3.045B,0.058M,1.342B,1.321B,1.923B,1.703B,602.39M,223.46M,216.33M,357.91M
CNC,2013-03,4.90M,876.90M,2.283B,3.419M,38.18M,0.11,0.105,275.58M,382.85M,242.90M,2013-03,23.00M,-6.625M,-6.625M,382.85M,0,532.73M,39.60M,180.34M,37.24M,14.69M,2.525B,203.30M,985.71M,2.887B,0.055M,1.375B,1.307B,1.901B,1.512B,593.53M,203.30M,180.34M,320.37M
CNC,2012-12,5.189M,982.05M,1.526B,3.373M,34.60M,0.0425,0.0425,276.56M,578.55M,312.83M,2012-12,9.202M,-5.607M,-5.607M,375.89M,0,535.48M,148.16M,219.07M,145.00M,53.07M,1.839B,164.68M,953.06M,2.774B,0.055M,1.406B,1.229B,1.820B,1.368B,590.82M,164.68M,219.07M,251.47M
CNC,2012-09,6.702M,936.54M,2.295B,3.337M,131.97M,0.0175,0.0175,277.66M,526.92M,153.43M,2012-09,3.819M,-4.855M,-4.855M,381.78M,0,391.97M,-27.64M,162.78M,-9.252M,-9.547M,2.448B,181.07M,963.98M,2.691B,0.054M,1.377B,1.280B,1.734B,1.314B,453.76M,181.07M,216.50M,316.12M
CNC,2012-06,5.842M,574.44M,1.961B,3.302M,29.13M,-0.17,-0.17,278.77M,512.04M,149.35M,2012-06,-35.00M,-4.739M,-4.739M,379.97M,0,405.46M,-18.71M,142.77M,-47.44M,-8.608M,2.111B,168.06M,951.43M,2.450B,0.054M,1.073B,1.034B,1.502B,1.376B,467.33M,168.06M,686.56M,400.19M
CNC,2012-03,6.237M,559.22M,1.515B,3.235M,17.98M,0.1175,0.1125,308.10M,498.10M,197.38M,2012-03,23.98M,-4.799M,-4.799M,352.71M,0,347.16M,34.20M,158.36M,34.69M,12.09M,1.712B,163.19M,979.71M,2.283B,0.054M,920.38M,888.32M,1.304B,1.363B,415.71M,163.19M,0,278.23M
CNC,2011-12,5.761M,704.20M,1.278B,3.234M,9.89M,0.15,0.1425,309.41M,482.23M,100.02M,2011-12,30.11M,-4.797M,-4.797M,349.62M,0,348.34M,60.86M,216.50M,60.04M,21.47M,1.378B,150.83M,935.63M,2.190B,0.054M,940.01M,837.61M,1.254B,1.250B,416.30M,39.16M,0,157.45M
CNC,2011-09,6.478M,558.00M,1.074B,3.203M,54.76M,0.145,0.1375,310.78M,0,228.49M,2011-09,28.99M,-4.572M,-4.572M,345.60M,0,348.09M,48.55M,173.71M,46.67M,18.46M,1.302B,142.93M,902.71M,2.037B,0.053M,766.38M,730.38M,1.133B,1.271B,403.02M,179.94M,0,139.47M
CNC,2011-06,7.183M,553.26M,1.079B,3.172M,111.11M,0.1425,0.135,312.32M,0,235.58M,2011-06,28.37M,-2.323M,-2.323M,340.39M,0,336.47M,55.30M,152.58M,44.49M,16.43M,1.315B,143.04M,868.47M,2.010B,0.053M,774.54M,749.77M,1.140B,1.236B,390.37M,180.28M,0,152.14M
CNC,2011-03,5.969M,544.74M,998.74M,3.037M,127.45M,0.12,0.115,305.92M,0,217.61M,2011-03,23.74M,-5.695M,-5.695M,334.18M,0,302.33M,39.10M,686.56M,37.15M,14.33M,1.216B,141.09M,829.00M,2.004B,0.053M,743.83M,817.05M,1.172B,1.260B,355.44M,178.52M,0,132.02M
