Ticker,Date,Accrued Comprehensive Inc,Cash and Short Term Investments,Cost of Goods Sold,Current Debt & Capital Lease Obligation,Current Deferred Liabilities,EPS Basic,EPS Diluted,Gross PP&E,Gross Profit,Income (Quarterly),Inventories,Net Income,Net Non-Operating Interest Income Expense,Net Operating Interest Income,Net PP&E,Non-Current Deferred Liabilities,Non-Current Portion of LTD and Capital Lease Obligation,Operating Income,Payables and Accrued Expenses,Pre-Tax Income,Provision for Income Taxes,Revenue,SG&A Expense,Shareholders Equity,Total Assets,Total Capital Stock,Total Current Assets,Total Current Liabilities,Total Liabilities,Total Long Term Assets,Total Long Term Liabilities,Total Operating Expenses,Total Payables,Total Receivables
COG,2020-12,2.419M,140.11M,260.58M,191.99M,0,0.33,0.33,7.245B,196.20M,2020-12,15.27M,131.21M,-10.98M,-10.98M,4.078B,804.78M,975.55M,163.24M,183.96M,151.85M,20.65M,456.78M,24.53M,2.216B,4.524B,47.78M,415.72M,390.23M,2.308B,4.108B,1.918B,32.96M,75.00M,220.90M
COG,2020-09,0.929M,0.17M,266.83M,192.03M,0,-0.04,-0.04,7.185B,24.21M,2020-09,14.93M,-14.96M,-14.39M,-14.39M,4.069B,776.98M,1.004B,-7.564M,162.45M,-21.98M,-7.018M,291.04M,24.26M,2.118B,4.419B,47.75M,322.55M,385.93M,2.301B,4.097B,1.915B,31.78M,76.06M,293.55M
COG,2020-06,1.073M,117.16M,247.29M,178.66M,0,0.08,0.08,7.055B,85.05M,2020-06,17.95M,30.37M,-14.54M,-14.54M,4.037B,781.16M,1.077B,53.96M,186.27M,39.12M,8.751M,332.35M,23.17M,2.166B,4.528B,47.75M,463.93M,381.39M,2.362B,4.064B,1.981B,31.10M,70.06M,273.26M
COG,2020-03,1.224M,202.84M,260.71M,178.44M,0,0.14,0.13,6.889B,125.75M,2020-03,18.25M,53.91M,-14.21M,-14.21M,3.956B,770.41M,1.077B,86.39M,195.56M,72.12M,18.21M,386.46M,33.43M,2.168B,4.522B,47.75M,541.79M,387.18M,2.354B,3.980B,1.967B,39.36M,83.39M,292.25M
COG,2019-12,1.36M,200.23M,277.76M,90.12M,0,0.36,0.36,6.783B,183.60M,2019-12,13.93M,146.94M,-14.65M,-14.65M,3.892B,729.12M,1.166B,152.90M,215.18M,207.42M,60.48M,461.37M,22.50M,2.151B,4.487B,47.69M,568.25M,328.03M,2.336B,3.919B,2.008B,30.70M,97.74M,338.82M
COG,2019-09,4.027M,82.32M,275.75M,91.28M,0,0.22,0.22,6.643B,153.36M,2019-09,18.20M,90.36M,-13.55M,-13.55M,3.825B,673.26M,1.166B,125.88M,184.59M,116.08M,25.72M,429.11M,18.39M,2.214B,4.443B,47.69M,421.68M,294.78M,2.229B,4.021B,1.934B,27.48M,80.95M,292.27M
COG,2019-06,4.164M,241.39M,255.93M,5.782M,0,0.43,0.43,6.455B,278.19M,2019-06,19.38M,181.01M,-14.57M,-14.57M,3.739B,639.51M,1.253B,247.16M,209.37M,236.10M,55.09M,534.12M,22.89M,2.345B,4.564B,47.69M,631.33M,234.03M,2.219B,3.932B,1.985B,31.03M,92.88M,305.24M
COG,2019-03,4.30M,314.89M,247.92M,7.517M,0,0.62,0.62,6.243B,393.76M,2019-03,18.28M,262.76M,-12.18M,-12.18M,3.617B,576.32M,1.254B,350.78M,216.32M,340.63M,77.87M,641.68M,31.09M,2.321B,4.482B,47.68M,680.19M,240.32M,2.161B,3.801B,1.920B,42.98M,107.06M,332.04M
COG,2018-12,4.437M,2.287M,292.80M,0,0,0.64,0.64,6.006B,423.50M,2018-12,11.08M,275.04M,-15.62M,-15.62M,3.464B,484.38M,1.226B,340.01M,265.50M,324.94M,49.89M,716.30M,30.63M,2.088B,4.199B,47.61M,544.54M,287.26M,2.111B,3.654B,1.823B,83.49M,149.66M,471.65M
COG,2018-09,2.112M,316.08M,361.14M,67.00M,0,0.28,0.28,5.778B,184.03M,2018-09,12.48M,122.34M,-14.19M,-14.19M,3.366B,386.54M,1.219B,150.41M,274.21M,161.74M,39.41M,545.17M,20.72M,2.094B,4.179B,47.61M,619.86M,366.10M,2.085B,3.559B,1.719B,33.62M,184.25M,288.62M
COG,2018-06,2.248M,740.99M,294.84M,304.00M,5.00M,0.09,0.09,5.521B,158.61M,2018-06,20.47M,42.43M,-23.33M,-23.33M,3.225B,321.78M,1.219B,77.49M,260.04M,54.58M,12.15M,453.45M,21.23M,2.154B,4.397B,47.61M,987.41M,590.74M,2.243B,3.409B,1.652B,81.12M,167.66M,222.06M
COG,2018-03,2.383M,964.93M,219.27M,304.00M,5.00M,0.26,0.25,5.361B,253.95M,2018-03,12.45M,117.23M,-20.06M,-20.06M,3.146B,318.88M,1.218B,219.09M,184.06M,156.87M,39.64M,473.23M,24.06M,2.407B,4.538B,47.61M,1.236B,510.49M,2.132B,3.302B,1.621B,34.87M,82.43M,251.42M
COG,2017-12,2.077M,480.05M,291.77M,304.00M,81.50M,-0.1,-0.1,5.207B,108.73M,2017-12,8.006M,-44.44M,-20.41M,-20.41M,3.072B,256.18M,1.218B,70.02M,185.96M,-459.23M,-414.79M,400.50M,26.88M,2.524B,4.727B,47.56M,764.96M,630.05M,2.203B,3.962B,1.573B,38.71M,74.53M,272.67M
COG,2017-09,3.482M,510.26M,293.24M,237.00M,0,0.04,0.04,7.344B,92.18M,2017-09,13.00M,17.59M,-20.33M,-20.33M,4.235B,665.61M,1.285B,53.28M,177.30M,24.74M,7.151M,385.42M,23.24M,2.645B,5.129B,47.54M,718.03M,438.23M,2.484B,4.411B,2.046B,38.90M,83.26M,188.65M
COG,2017-06,0.726M,516.53M,295.55M,20.00M,0,0.05,0.05,7.179B,164.91M,2017-06,11.08M,21.53M,-20.62M,-20.62M,4.203B,643.53M,1.521B,128.68M,217.57M,37.14M,15.61M,460.46M,23.96M,2.642B,5.219B,47.54M,735.82M,234.42M,2.577B,4.484B,2.343B,36.23M,137.97M,193.81M
COG,2017-03,1.002M,537.48M,287.26M,20.00M,0,0.23,0.23,8.160B,230.58M,2017-03,12.10M,105.72M,-20.77M,-20.77M,4.328B,616.00M,1.521B,191.63M,202.96M,168.92M,63.20M,517.84M,23.70M,2.707B,5.244B,47.54M,748.31M,224.40M,2.537B,4.496B,2.313B,38.96M,147.82M,194.38M
COG,2016-12,0.985M,498.54M,281.69M,0,0,-0.63,-0.63,7.970B,34.80M,2016-12,13.30M,-292.76M,-20.52M,-20.52M,4.250B,603.62M,1.521B,-3.682M,201.40M,-463.99M,-171.23M,316.49M,18.44M,2.568B,5.123B,47.50M,715.88M,257.81M,2.555B,4.407B,2.297B,38.48M,88.62M,201.34M
COG,2016-09,-0.313M,501.19M,272.73M,0,0,-0.02,-0.02,8.227B,37.70M,2016-09,13.49M,-10.26M,-21.48M,-21.48M,4.723B,775.06M,1.520B,6.57M,180.90M,-18.29M,-8.027M,310.43M,19.37M,2.863B,5.532B,47.50M,655.64M,196.76M,2.669B,4.876B,2.472B,31.13M,121.50M,136.86M
COG,2016-06,-0.331M,517.49M,283.59M,0,0,-0.14,-0.14,8.141B,-36.78M,2016-06,14.98M,-62.91M,-21.96M,-21.96M,4.763B,769.61M,1.520B,-69.43M,181.32M,-97.36M,-34.45M,246.82M,19.94M,2.878B,5.570B,47.50M,659.24M,228.49M,2.693B,4.911B,2.464B,32.66M,121.53M,122.24M
COG,2016-03,-0.365M,579.32M,300.14M,0,0,-0.12,-0.12,8.165B,-18.20M,2016-03,15.95M,-51.19M,-24.38M,-24.38M,4.838B,805.44M,1.583B,-58.45M,170.66M,-79.96M,-28.77M,281.94M,27.87M,2.944B,5.703B,47.49M,720.69M,199.38M,2.759B,4.982B,2.559B,40.25M,127.26M,105.06M
COG,2015-12,-0.365M,0.514M,292.63M,20.00M,12.75M,-0.27,-0.27,9.573B,-11.84M,2015-12,17.05M,-111.12M,-24.67M,-24.67M,4.977B,829.61M,1.996B,-43.23M,199.68M,-182.34M,-71.21M,280.79M,14.38M,2.009B,5.253B,42.38M,144.79M,235.55M,3.244B,5.108B,3.008B,31.40M,138.00M,124.55M
COG,2015-09,-2.151M,8.773M,284.28M,20.00M,2.835M,-0.04,-0.04,9.477B,21.01M,2015-09,18.28M,-15.51M,-24.51M,-24.51M,5.141B,898.96M,2.017B,-6.428M,220.33M,-25.53M,-10.02M,305.30M,11.10M,2.122B,5.485B,42.38M,215.42M,265.58M,3.363B,5.269B,3.097B,27.44M,141.08M,135.96M
COG,2015-06,-2.151M,15.23M,289.80M,0,39.23M,-0.07,-0.07,9.340B,16.49M,2015-06,20.42M,-27.51M,-24.17M,-24.17M,5.133B,908.20M,1.995B,-20.40M,263.15M,-43.13M,-15.62M,306.30M,19.98M,2.146B,5.505B,42.37M,254.99M,278.85M,3.359B,5.250B,3.080B,36.89M,142.66M,138.35M
COG,2015-03,-2.151M,13.95M,336.49M,0,35.27M,0.1,0.1,9.131B,128.28M,2015-03,14.09M,40.26M,-23.57M,-23.57M,5.059B,880.74M,1.877B,85.74M,352.70M,63.73M,23.47M,464.76M,22.53M,2.176B,5.512B,42.35M,349.40M,402.75M,3.337B,5.163B,2.934B,42.54M,205.61M,185.28M
COG,2014-12,-2.151M,20.95M,317.13M,0,0.089M,-0.54,-0.54,8.828B,300.88M,2014-12,14.03M,-221.77M,-23.47M,-23.47M,4.926B,872.81M,1.752B,260.63M,440.93M,-512.77M,-291.00M,618.00M,21.25M,2.143B,5.438B,42.29M,413.45M,499.02M,3.295B,5.024B,2.796B,40.25M,184.78M,239.01M
COG,2014-09,-19.20M,309.99M,283.46M,0,0.107M,0.24,0.24,8.107B,228.56M,2014-09,13.73M,100.79M,-17.42M,-17.42M,5.130B,1.238B,1.612B,189.23M,413.80M,172.92M,72.13M,512.02M,19.58M,2.366B,5.807B,42.29M,587.95M,432.79M,3.441B,5.219B,3.008B,39.32M,212.79M,191.27M
COG,2014-06,-32.16M,45.61M,284.18M,0,8.334M,0.28,0.28,7.648B,249.01M,2014-06,11.91M,118.42M,-16.33M,-16.33M,4.826B,1.133B,1.193B,211.39M,296.85M,194.32M,75.90M,533.19M,20.13M,2.402B,5.209B,42.29M,306.10M,362.15M,2.807B,4.903B,2.445B,37.62M,159.54M,212.10M
COG,2014-03,-45.97M,25.43M,272.88M,0,14.09M,0.26,0.26,7.378B,236.93M,2014-03,10.39M,107.03M,-16.56M,-16.56M,4.711B,1.105B,1.222B,195.77M,326.22M,177.93M,70.90M,509.80M,21.64M,2.269B,5.146B,42.29M,373.83M,432.63M,2.877B,4.772B,2.444B,41.15M,190.37M,245.07M
COG,2013-12,-8.361M,23.40M,300.24M,0,40.38M,0.19,0.19,7.072B,187.23M,2013-12,17.47M,77.95M,-16.68M,-16.68M,4.546B,1.101B,1.147B,150.45M,336.30M,151.01M,73.06M,487.46M,22.60M,2.205B,4.981B,42.20M,378.90M,407.90M,2.776B,4.602B,2.369B,36.78M,166.29M,222.48M
COG,2013-09,33.24M,27.93M,268.62M,0,0,0.17,0.17,7.300B,167.23M,2013-09,20.84M,69.89M,-16.07M,-16.07M,4.690B,1.019B,1.162B,127.11M,324.72M,115.74M,45.85M,435.85M,24.70M,2.329B,5.031B,42.20M,289.76M,399.27M,2.703B,4.742B,2.303B,40.12M,134.41M,180.45M
COG,2013-06,46.56M,47.28M,247.72M,75.00M,51.03M,0.21,0.21,7.034B,201.96M,2013-06,18.28M,89.11M,-16.99M,-16.99M,4.558B,1.046B,1.067B,164.46M,346.28M,148.04M,58.92M,449.68M,21.61M,2.286B,5.018B,21.08M,403.19M,494.39M,2.732B,4.615B,2.237B,37.50M,136.28M,212.24M
COG,2013-03,-22.30M,20.46M,234.76M,75.00M,40.61M,0.1,0.1,6.761B,138.52M,2013-03,11.28M,42.82M,-16.26M,-16.26M,4.413B,940.04M,1.052B,87.11M,286.91M,70.76M,27.94M,373.28M,35.70M,2.123B,4.688B,21.08M,238.88M,447.26M,2.565B,4.449B,2.117B,51.42M,117.46M,172.66M
COG,2012-12,23.88M,30.74M,202.94M,75.00M,49.41M,0.095,0.095,6.518B,166.94M,2012-12,14.17M,40.87M,-16.72M,-16.72M,4.311B,906.56M,1.012B,122.02M,302.23M,88.96M,48.09M,369.88M,27.99M,2.131B,4.616B,42.09M,270.31M,444.14M,2.485B,4.346B,2.041B,44.92M,113.82M,172.42M
COG,2012-09,27.26M,37.50M,177.40M,75.00M,47.47M,0.09,0.09,6.420B,119.47M,2012-09,17.70M,36.61M,-16.22M,-16.22M,4.219B,859.99M,987.00M,75.90M,269.76M,59.56M,22.95M,296.87M,23.83M,2.100B,4.483B,21.02M,224.67M,412.79M,2.383B,4.258B,1.970B,43.57M,91.22M,104.82M
COG,2012-06,88.83M,48.64M,181.31M,0,45.94M,0.085,0.085,6.155B,84.35M,2012-06,11.98M,35.94M,-18.50M,-18.50M,4.062B,829.03M,972.00M,10.38M,278.51M,59.58M,23.65M,265.66M,46.87M,2.131B,4.410B,21.00M,295.87M,340.86M,2.279B,4.114B,1.938B,73.97M,253.45M,89.17M
COG,2012-03,117.92M,32.33M,179.81M,0,68.41M,0.045,0.045,5.989B,92.33M,2012-03,11.39M,18.32M,-16.92M,-16.92M,4.011B,814.19M,1.012B,47.20M,60.83M,29.74M,11.43M,272.14M,22.55M,2.125B,4.403B,20.98M,339.73M,322.15M,2.278B,4.063B,1.956B,45.13M,38.26M,95.12M
COG,2011-12,104.55M,29.91M,408.76M,0,56.62M,0.065,0.065,5.805B,-140.73M,2011-12,21.28M,26.36M,-17.74M,-17.74M,3.935B,822.78M,950.00M,71.64M,253.97M,80.87M,54.51M,268.02M,26.41M,2.105B,4.331B,20.90M,345.80M,343.34M,2.227B,3.986B,1.883B,-212.37M,89.98M,115.77M
COG,2011-09,70.03M,62.93M,55.26M,0,31.98M,0.07,0.07,6.199B,206.85M,2011-09,28.30M,28.48M,-18.52M,-18.52M,4.103B,785.15M,1.205B,61.38M,239.39M,46.72M,18.23M,262.12M,27.95M,2.043B,4.472B,10.45M,310.04M,288.98M,2.429B,4.162B,2.140B,145.47M,95.46M,111.77M
COG,2011-06,22.38M,39.31M,48.45M,0,9.778M,0.13,0.13,5.961B,192.25M,2011-06,24.04M,54.68M,-18.04M,-18.04M,3.968B,784.01M,1.095B,72.55M,265.62M,88.57M,33.90M,240.70M,26.01M,1.966B,4.250B,10.45M,235.84M,286.72M,2.284B,4.014B,1.997B,119.70M,111.06M,125.21M
COG,2011-03,-1.754M,24.90M,61.54M,0,0,0.03,0.03,5.766B,147.48M,2011-03,20.81M,12.89M,-17.37M,-17.37M,3.847B,746.94M,1.055B,37.91M,236.10M,19.02M,6.137M,209.03M,24.30M,1.886B,4.048B,10.45M,161.54M,241.70M,2.162B,3.887B,1.921B,109.57M,220.84M,93.91M
