Ticker,Date,Accrued Comprehensive Inc,Cash and Short Term Investments,Cost of Goods Sold,Current Debt & Capital Lease Obligation,EPS Basic,EPS Diluted,Goodwill and Intangibles,Gross PP&E,Gross Profit,Income (Quarterly),Inventories,Net Income,Net Non-Operating Interest Income Expense,Net Operating Interest Income,Net PP&E,Non-Current Deferred Liabilities,Non-Current Portion of LTD and Capital Lease Obligation,Operating Income,Payables and Accrued Expenses,Pre-Tax Income,Provision for Income Taxes,Research and Development Expense,Revenue,SG&A Expense,Shareholders Equity,Total Assets,Total Capital Stock,Total Current Assets,Total Current Liabilities,Total Liabilities,Total Long Term Assets,Total Long Term Liabilities,Total Operating Expenses,Total Payables,Total Receivables
COO,2021-01,-381.30M,119.10M,229.80M,435.40M,42.77,42.31,3.912B,2.826B,450.70M,2021-01,570.50M,2.101B,-6.40M,-6.40M,1.575B,21.60M,1.660B,133.40M,137.40M,139.50M,-1.962B,21.40M,680.50M,261.20M,5.990B,8.922B,5.30M,1.297B,961.30M,2.932B,7.624B,1.971B,317.30M,137.40M,461.20M
COO,2020-10,-472.00M,115.90M,257.60M,442.60M,1.654,1.64,3.736B,2.735B,424.00M,2020-10,570.40M,81.20M,-6.70M,-6.70M,1.542B,25.80M,1.621B,100.10M,176.00M,93.70M,12.50M,25.50M,681.60M,264.20M,3.825B,6.738B,5.30M,1.274B,1.004B,2.913B,5.463B,1.908B,323.90M,176.00M,435.40M
COO,2020-07,-444.70M,127.40M,217.40M,584.90M,1.13,1.12,3.756B,2.661B,360.80M,2020-07,594.90M,55.20M,-5.70M,-5.70M,1.497B,28.50M,1.564B,72.00M,180.20M,66.40M,11.20M,21.80M,578.20M,232.80M,3.760B,6.748B,5.30M,1.321B,1.129B,2.988B,5.427B,1.859B,288.80M,180.20M,450.50M
COO,2020-04,-512.80M,79.80M,201.40M,586.00M,0.23,0.23,3.738B,2.565B,323.50M,2020-04,568.20M,11.50M,-12.80M,-12.80M,1.452B,26.80M,1.578B,28.60M,128.70M,9.00M,-2.50M,23.80M,524.90M,237.20M,3.627B,6.51B,5.30M,1.166B,1.025B,2.882B,5.344B,1.857B,294.90M,128.70M,368.80M
COO,2020-01,-430.40M,76.80M,219.70M,574.50M,1.84,1.82,3.820B,2.531B,426.50M,2020-01,526.50M,90.50M,-11.60M,-11.60M,1.432B,27.60M,1.475B,111.10M,141.70M,97.40M,6.90M,22.20M,646.20M,258.30M,3.731B,6.548B,5.30M,1.150B,1.068B,2.818B,5.399B,1.749B,315.40M,141.70M,408.00M
COO,2019-10,-447.10M,89.00M,236.60M,563.70M,2.464,2.42,3.834B,2.194B,455.00M,2019-10,506.90M,121.00M,-14.70M,-14.70M,1.132B,28.00M,1.263B,147.00M,150.10M,128.50M,7.50M,23.30M,691.60M,249.60M,3.628B,6.274B,5.30M,1.163B,1.111B,2.646B,5.111B,1.535B,308.00M,150.10M,435.30M
COO,2019-07,-481.80M,112.70M,228.70M,390.00M,2.43,2.4,3.83B,2.087B,450.70M,2019-07,502.10M,120.10M,-16.70M,-16.70M,1.065B,31.50M,1.423B,142.20M,141.50M,127.00M,6.90M,21.50M,679.40M,249.80M,3.615B,6.173B,5.30M,1.151B,889.40M,2.557B,5.022B,1.668B,308.50M,141.50M,404.70M
COO,2019-04,-416.60M,104.60M,221.70M,454.60M,2.48,2.45,3.913B,2.038B,432.60M,2019-04,493.10M,122.40M,-18.50M,-18.50M,1.033B,33.30M,1.472B,127.90M,129.20M,128.10M,5.70M,21.00M,654.30M,246.80M,3.542B,6.203B,5.30M,1.137B,940.90M,2.661B,5.067B,1.720B,304.70M,129.20M,396.20M
COO,2019-01,-398.00M,146.60M,209.60M,445.50M,2.09,2.07,3.963B,2.009B,418.50M,2019-01,486.20M,103.20M,-18.20M,-18.20M,1.024B,34.60M,1.687B,110.90M,129.60M,93.80M,-9.40M,21.00M,628.10M,250.00M,3.425B,6.299B,5.30M,1.193B,938.60M,2.873B,5.106B,1.934B,307.60M,129.60M,389.70M
COO,2018-10,-430.70M,77.70M,221.40M,37.10M,2.045,2.02,3.913B,1.930B,430.10M,2018-10,468.80M,100.70M,-22.80M,-22.80M,976.00M,31.00M,1.986B,122.70M,146.40M,112.70M,12.00M,22.60M,651.50M,248.60M,3.308B,6.113B,5.30M,1.091B,536.50M,2.805B,5.022B,2.268B,307.40M,146.40M,374.70M
COO,2018-07,-385.60M,155.60M,233.20M,45.30M,2.05,2.03,3.980B,1.902B,426.80M,2018-07,479.60M,100.80M,-22.80M,-22.80M,967.40M,37.20M,2.249B,115.60M,120.80M,90.40M,-10.40M,22.50M,660.00M,251.00M,3.226B,6.257B,5.30M,1.189B,461.40M,3.030B,5.068B,2.569B,311.20M,120.80M,375.60M
COO,2018-04,-316.00M,164.90M,226.80M,41.30M,1.24,1.23,4.063B,1.887B,404.50M,2018-04,504.80M,60.90M,-18.70M,-18.70M,966.50M,38.00M,2.442B,99.10M,153.80M,54.00M,-6.90M,20.80M,631.30M,247.90M,3.188B,6.414B,5.30M,1.272B,460.40M,3.226B,5.142B,2.766B,305.40M,153.80M,432.60M
COO,2018-01,-273.00M,91.70M,219.10M,29.60M,-2.5,-2.5,4.042B,1.758B,370.90M,2018-01,506.30M,-122.50M,-18.40M,-18.40M,952.00M,40.80M,2.373B,90.20M,107.90M,74.80M,197.30M,18.80M,590.00M,225.90M,3.156B,6.269B,5.30M,1.176B,415.70M,3.112B,5.093B,2.696B,280.70M,107.90M,413.80M
COO,2017-10,-375.30M,88.80M,208.10M,23.40M,1.816,1.78,2.860B,1.603B,353.40M,2017-10,454.10M,88.60M,-10.10M,-10.10M,910.10M,38.80M,1.149B,108.50M,142.10M,96.60M,8.00M,18.60M,561.50M,208.50M,3.176B,4.859B,5.20M,953.20M,396.10M,1.683B,3.906B,1.287B,244.90M,142.10M,316.60M
COO,2017-07,-384.80M,46.00M,199.80M,33.40M,2.12,2.09,2.822B,0,356.20M,2017-07,453.90M,103.60M,-8.30M,-8.30M,894.90M,30.90M,1.18B,112.80M,112.20M,107.70M,4.10M,17.50M,556.00M,208.70M,3.093B,4.783B,5.20M,932.10M,371.20M,1.690B,3.851B,1.318B,243.40M,112.20M,335.90M
COO,2017-04,-423.10M,121.30M,178.50M,41.30M,2.14,2.12,2.788B,0,343.90M,2017-04,437.60M,104.90M,-7.70M,-7.70M,886.50M,25.60M,1.346B,117.10M,100.40M,109.50M,4.60M,16.80M,522.40M,193.30M,2.940B,4.750B,5.20M,958.30M,343.20M,1.81B,3.792B,1.467B,226.80M,100.40M,311.20M
COO,2017-01,-461.40M,91.10M,186.70M,223.50M,1.55,1.53,2.778B,0,312.40M,2017-01,421.40M,75.80M,-7.30M,-7.30M,879.10M,26.80M,1.201B,90.70M,100.30M,80.10M,4.30M,16.30M,499.10M,188.60M,2.819B,4.657B,5.20M,883.90M,517.90M,1.837B,3.773B,1.319B,221.70M,100.30M,290.90M
COO,2016-10,-489.60M,100.80M,222.60M,226.30M,1.24,1.23,2.606B,0,296.00M,2016-10,417.70M,60.50M,-5.30M,-5.30M,877.70M,37.50M,1.107B,74.20M,107.40M,68.80M,8.30M,18.00M,518.60M,189.10M,2.696B,4.479B,5.20M,937.10M,543.20M,1.783B,3.542B,1.240B,221.80M,107.40M,291.40M
COO,2016-07,-380.03M,62.61M,198.10M,31.69M,1.81,1.79,2.683B,0,316.60M,2016-07,430.26M,87.90M,-8.00M,-8.00M,922.21M,43.77M,1.412B,102.70M,87.69M,93.40M,5.20M,15.90M,514.70M,182.40M,2.731B,4.593B,5.203M,929.64M,320.24M,1.855B,3.663B,1.535B,213.90M,87.69M,307.34M
COO,2016-04,-253.15M,44.46M,185.30M,30.19M,1.53,1.52,2.785B,0,298.50M,2016-04,433.60M,74.10M,-7.60M,-7.60M,964.36M,37.57M,1.411B,89.80M,105.76M,82.60M,8.20M,16.70M,483.80M,177.70M,2.738B,4.601B,5.174M,915.12M,322.22M,1.856B,3.800B,1.534B,208.70M,105.76M,298.82M
COO,2016-01,-305.43M,16.05M,187.60M,46.70M,1.06,1.05,2.564B,1.651B,262.00M,2016-01,430.90M,51.40M,-5.30M,-5.30M,948.17M,35.60M,1.331B,57.40M,116.43M,50.70M,-1.00M,14.80M,449.60M,173.60M,2.600B,4.402B,5.168M,844.50M,347.97M,1.795B,3.557B,1.447B,204.60M,116.43M,278.89M
COO,2015-10,-191.64M,16.43M,202.23M,243.80M,0.7599,0.75,2.608B,1.526B,253.35M,2015-10,419.69M,36.66M,-4.777M,-4.777M,967.10M,31.02M,1.105B,42.28M,116.91M,36.44M,-0.529M,18.37M,455.58M,179.60M,2.668B,4.460B,5.156M,841.43M,568.78M,1.786B,3.618B,1.217B,211.06M,116.91M,282.92M
COO,2015-07,-168.14M,17.00M,188.79M,237.56M,0.92,0.91,2.591B,1.295B,272.89M,2015-07,405.97M,44.95M,-4.69M,-4.69M,974.88M,67.92M,1.070B,50.31M,114.48M,44.60M,-0.642M,18.30M,461.68M,191.78M,2.688B,4.423B,5.154M,814.69M,529.59M,1.729B,3.608B,1.199B,222.58M,114.48M,280.16M
COO,2015-04,-185.37M,17.91M,166.96M,242.16M,1.25,1.23,2.589B,1.241B,267.72M,2015-04,402.54M,60.71M,-4.692M,-4.692M,961.76M,69.16M,1.106B,71.00M,100.54M,66.99M,5.855M,16.82M,434.68M,167.58M,2.610B,4.393B,5.151M,799.97M,535.64M,1.777B,3.593B,1.241B,196.72M,100.54M,267.18M
COO,2015-01,-219.75M,16.43M,168.82M,92.80M,1.27,1.25,2.576B,0,276.35M,2015-01,390.10M,61.18M,-3.941M,-3.941M,928.63M,69.38M,1.303B,73.11M,87.34M,67.46M,5.716M,16.11M,445.17M,173.54M,2.501B,4.336B,5.121M,787.11M,382.58M,1.819B,3.549B,1.436B,203.24M,87.34M,275.90M
COO,2014-10,-106.18M,25.22M,188.44M,101.52M,0.6395,0.63,2.675B,0,279.55M,2014-10,381.47M,30.79M,-3.252M,-3.252M,937.30M,69.52M,1.281B,39.38M,120.39M,34.88M,3.618M,18.18M,468.00M,208.02M,2.570B,4.458B,5.099M,791.62M,442.18M,1.870B,3.667B,1.428B,240.18M,120.39M,276.28M
COO,2014-07,-0.726M,173.79M,151.89M,46.49M,1.83,1.8,1.567B,0,280.59M,2014-07,353.38M,88.07M,-1.499M,-1.499M,843.41M,26.15M,301.45M,96.56M,87.21M,94.38M,5.711M,16.07M,432.48M,161.20M,2.657B,3.367B,5.097M,895.81M,297.69M,691.10M,2.472B,393.41M,184.02M,87.21M,261.96M
COO,2014-04,8.031M,82.66M,143.82M,33.92M,1.65,1.62,1.579B,0,268.50M,2014-04,345.82M,79.16M,-1.558M,-1.558M,817.44M,25.37M,301.51M,88.92M,86.25M,87.82M,8.185M,16.30M,412.32M,155.80M,2.543B,3.222B,5.064M,764.68M,264.67M,659.90M,2.457B,395.24M,179.58M,86.25M,239.77M
COO,2014-01,-12.21M,28.83M,142.05M,44.15M,1.5,1.47,1.579B,0,262.93M,2014-01,339.50M,71.84M,-1.656M,-1.656M,769.40M,24.45M,301.59M,81.62M,76.38M,79.46M,7.191M,15.71M,404.98M,158.09M,2.435B,3.115B,5.056M,701.09M,268.31M,660.85M,2.414B,392.54M,181.31M,76.38M,235.29M
COO,2013-10,-15.76M,77.39M,147.99M,42.99M,1.196,1.15,1.586B,0,263.86M,2013-10,338.92M,57.40M,-1.90M,-1.90M,739.87M,24.88M,301.67M,83.10M,110.69M,61.09M,3.78M,15.82M,411.85M,157.25M,2.405B,3.137B,5.034M,747.24M,321.25M,713.77M,2.390B,392.51M,180.75M,110.69M,229.54M
COO,2013-07,-56.39M,25.48M,143.72M,28.34M,1.82,1.79,1.582B,1.128B,268.27M,2013-07,339.91M,88.95M,-2.258M,-2.258M,654.10M,23.30M,215.29M,93.61M,76.58M,91.26M,2.072M,14.86M,411.99M,152.14M,2.416B,3.007B,5.033M,706.01M,249.29M,569.27M,2.301B,319.98M,174.67M,76.58M,247.30M
COO,2013-04,-44.00M,14.44M,129.86M,28.96M,1.55,1.52,1.592B,1.092B,254.18M,2013-04,339.32M,75.14M,-2.444M,-2.444M,636.88M,26.35M,291.55M,81.47M,73.78M,78.94M,3.473M,14.49M,384.04M,150.69M,2.314B,2.967B,5.007M,675.79M,228.92M,630.24M,2.291B,401.32M,172.71M,73.78M,224.49M
COO,2013-01,-29.50M,14.44M,139.34M,30.46M,1.54,1.5,1.589B,1.076B,240.50M,2013-01,325.39M,74.67M,-2.567M,-2.567M,637.00M,30.34M,377.51M,82.90M,65.45M,80.98M,6.041M,13.65M,379.84M,136.57M,2.232B,2.970B,4.975M,680.85M,226.13M,720.00M,2.289B,493.86M,157.59M,65.45M,241.17M
COO,2012-10,-31.26M,12.84M,143.54M,25.28M,1.485,1.46,1.585B,1.060B,252.76M,2012-10,320.20M,71.92M,-2.722M,-2.722M,640.26M,30.97M,348.42M,83.98M,88.70M,82.64M,10.49M,14.12M,396.30M,147.36M,2.193B,2.941B,4.945M,657.86M,262.55M,728.23M,2.284B,465.67M,168.78M,88.70M,234.30M
COO,2012-07,-38.63M,12.73M,138.09M,25.86M,1.39,1.36,1.581B,1.018B,240.10M,2012-07,301.69M,66.88M,-2.315M,-2.315M,617.62M,30.75M,454.22M,77.25M,68.23M,71.39M,4.433M,13.16M,378.19M,143.83M,2.074B,2.884B,4.897M,628.11M,232.08M,787.27M,2.256B,555.20M,162.85M,68.23M,228.59M
COO,2012-04,-21.07M,7.745M,123.89M,44.22M,1.15,1.12,1.394B,979.08M,220.70M,2012-04,286.07M,54.92M,-3.071M,-3.071M,593.60M,19.01M,275.09M,65.44M,57.43M,62.68M,7.758M,13.03M,344.59M,136.96M,2.038B,2.629B,4.892M,576.28M,228.12M,590.60M,2.052B,362.48M,155.26M,57.43M,202.88M
COO,2012-01,-29.98M,7.681M,115.61M,39.19M,1.15,1.12,1.395B,945.07M,210.45M,2012-01,272.77M,54.62M,-3.662M,-3.662M,583.24M,18.63M,371.11M,61.73M,48.59M,58.75M,4.124M,11.42M,326.06M,131.75M,1.937B,2.599B,4.819M,555.26M,206.39M,661.91M,2.044B,455.52M,148.72M,48.59M,200.16M
COO,2011-10,-18.11M,5.175M,137.28M,52.98M,1.19,1.17,1.405B,955.98M,223.63M,2011-10,253.58M,56.64M,-2.906M,-2.906M,609.20M,20.13M,327.45M,66.62M,64.58M,62.88M,6.242M,11.74M,360.91M,139.68M,1.937B,2.625B,4.802M,540.35M,267.21M,687.03M,2.084B,419.82M,157.01M,64.58M,214.78M
COO,2011-07,-4.54M,7.872M,148.59M,38.74M,0.93,0.9,1.396B,953.88M,202.80M,2011-07,243.37M,44.22M,-3.217M,-3.217M,601.09M,18.96M,406.48M,51.97M,64.84M,49.14M,4.919M,11.72M,351.40M,133.62M,1.888B,2.615B,4.791M,543.64M,237.69M,727.66M,2.072B,489.96M,150.84M,64.84M,218.42M
COO,2011-04,2.075M,8.43M,123.54M,29.10M,0.76,0.73,1.406B,944.40M,201.76M,2011-04,249.38M,35.36M,-4.268M,-4.268M,606.00M,20.96M,524.12M,60.26M,61.07M,39.72M,4.36M,10.39M,325.30M,126.38M,1.810B,2.625B,4.711M,538.44M,206.15M,814.87M,2.087B,608.72M,141.51M,61.07M,203.76M
