Ticker,Date,Accrued Comprehensive Inc,Cash and Short Term Investments,Cost of Goods Sold,Current Debt & Capital Lease Obligation,Current Deferred Liabilities,EPS Basic,EPS Diluted,Goodwill and Intangibles,Gross PP&E,Gross Profit,Income (Quarterly),Inventories,Net Income,Net Non-Operating Interest Income Expense,Net Operating Interest Income,Net PP&E,Non-Current Deferred Liabilities,Non-Current Portion of LTD and Capital Lease Obligation,Operating Income,Payables and Accrued Expenses,Pre-Tax Income,Provision for Income Taxes,Revenue,SG&A Expense,Shareholders Equity,Total Assets,Total Capital Stock,Total Current Assets,Total Current Liabilities,Total Liabilities,Total Long Term Assets,Total Long Term Liabilities,Total Operating Expenses,Total Payables,Total Receivables
CPRT,2021-01,-106.72M,616.40M,309.53M,23.80M,14.43M,0.82,0.81,391.24M,2.964B,307.50M,2021-01,30.20M,193.44M,-4.849M,-4.849M,2.283B,81.32M,488.01M,258.22M,332.78M,252.45M,59.01M,617.03M,49.28M,2.943B,3.934B,0.024M,1.225B,371.02M,991.85M,2.709B,620.83M,49.28M,332.78M,468.90M
CPRT,2020-10,-128.49M,605.73M,296.17M,25.60M,9.476M,0.85,0.83,388.44M,2.833B,296.77M,2020-10,28.24M,200.28M,-5.032M,-5.032M,2.184B,77.83M,500.34M,248.59M,372.46M,246.82M,46.53M,592.94M,48.18M,2.711B,3.741B,0.024M,1.138B,407.54M,1.030B,2.603B,622.82M,48.18M,372.46M,408.81M
CPRT,2020-07,-121.09M,477.72M,275.23M,25.57M,97.25M,0.7,0.69,391.39M,2.685B,250.43M,2020-07,20.08M,165.53M,-4.803M,-4.803M,2.060B,71.69M,492.62M,205.72M,191.17M,201.88M,36.35M,525.66M,44.72M,2.490B,3.455B,0.024M,963.76M,356.04M,965.74M,2.492B,609.70M,44.72M,153.66M,376.95M
CPRT,2020-04,-138.92M,306.39M,307.75M,26.94M,7.884M,0.63,0.62,386.71M,2.544B,242.61M,2020-04,19.81M,147.49M,-5.578M,-5.578M,1.945B,57.72M,489.35M,195.10M,251.75M,191.80M,44.31M,550.36M,47.51M,2.281B,3.162B,0.023M,794.15M,286.57M,880.57M,2.367B,594.00M,47.51M,251.75M,377.82M
CPRT,2020-01,-119.87M,93.51M,315.25M,37.53M,7.603M,0.73,0.71,388.55M,2.473B,259.89M,2020-01,18.52M,168.71M,-4.464M,-4.464M,1.894B,55.50M,481.75M,209.89M,297.70M,205.07M,36.37M,575.14M,50.00M,2.125B,3.049B,0.023M,731.96M,342.84M,923.88M,2.317B,581.04M,50.00M,297.70M,514.38M
CPRT,2019-10,-119.29M,181.10M,299.56M,27.64M,5.113M,0.94,0.91,389.80M,1.682B,254.87M,2019-10,19.48M,218.18M,-4.026M,-4.026M,1.682B,53.68M,513.24M,205.39M,290.56M,202.08M,-16.10M,554.42M,49.48M,1.927B,2.856B,0.023M,744.08M,323.32M,929.34M,2.112B,606.02M,49.48M,290.56M,442.68M
CPRT,2019-07,-132.53M,186.32M,299.96M,1.138M,79.89M,0.67,0.64,388.48M,1.965B,242.62M,2019-07,20.94M,153.50M,-4.255M,-4.255M,1.428B,48.68M,400.09M,192.80M,159.58M,187.07M,33.57M,542.58M,49.82M,1.778B,2.548B,0.023M,687.17M,282.00M,769.24M,1.860B,487.23M,49.82M,121.31M,386.79M
CPRT,2019-04,-113.19M,102.83M,301.54M,7.556M,7.988M,0.85,0.81,395.35M,0,251.58M,2019-04,22.31M,192.74M,-5.084M,-5.084M,1.341B,40.16M,398.84M,207.49M,281.36M,204.13M,11.39M,553.12M,44.08M,1.619B,2.392B,0.023M,613.58M,296.91M,772.91M,1.778B,476.00M,44.08M,281.36M,395.47M
CPRT,2019-01,-107.22M,108.17M,276.67M,94.12M,7.344M,0.57,0.55,398.31M,0,208.23M,2019-01,28.32M,131.37M,-4.555M,-4.555M,1.237B,32.31M,398.74M,164.74M,270.57M,164.97M,33.59M,484.90M,43.49M,1.460B,2.297B,0.023M,628.47M,372.03M,836.95M,1.668B,464.92M,43.49M,270.57M,393.59M
CPRT,2018-10,-115.65M,320.31M,265.45M,0.999M,4.934M,0.49,0.47,398.02M,0,195.92M,2018-10,19.73M,114.08M,-3.691M,-3.691M,1.188B,23.82M,398.64M,151.44M,248.88M,148.79M,34.70M,461.37M,44.48M,1.672B,2.382B,0.023M,763.22M,254.81M,710.03M,1.619B,455.22M,44.48M,248.88M,336.03M
CPRT,2018-07,-107.93M,274.52M,260.80M,1.151M,66.93M,0.47,0.45,402.13M,1.654B,188.42M,2018-07,16.73M,109.75M,-3.982M,-3.982M,1.163B,19.73M,398.75M,135.97M,171.96M,132.73M,22.99M,449.22M,52.46M,1.581B,2.308B,0.023M,709.12M,277.26M,726.60M,1.599B,449.34M,52.46M,134.39M,366.91M
CPRT,2018-04,-90.41M,204.28M,259.13M,1.151M,5.906M,0.55,0.52,411.84M,1.396B,219.07M,2018-04,17.03M,127.35M,-4.134M,-4.134M,1.088B,3.927M,398.91M,174.62M,263.52M,171.22M,43.81M,478.20M,44.45M,1.460B,2.165B,0.023M,630.90M,270.58M,704.38M,1.534B,433.80M,44.45M,263.52M,357.49M
CPRT,2018-01,-78.91M,195.30M,267.50M,111.85M,6.797M,0.45,0.43,414.43M,1.232B,191.61M,2018-01,13.02M,103.26M,-5.561M,-5.561M,1.025B,5.196M,400.65M,150.95M,256.40M,144.44M,41.14M,459.11M,40.66M,1.331B,2.144B,0.023M,666.48M,375.05M,811.75M,1.477B,436.70M,40.66M,256.40M,402.81M
CPRT,2017-10,-102.16M,224.25M,255.90M,33.15M,5.189M,0.34,0.32,412.31M,0,163.26M,2017-10,10.14M,77.52M,-5.398M,-5.398M,959.72M,4.807M,550.70M,123.94M,250.83M,114.13M,36.57M,419.17M,39.32M,1.188B,2.063B,0.023M,654.37M,289.17M,873.76M,1.408B,584.59M,39.32M,250.83M,366.78M
CPRT,2017-07,-100.68M,210.10M,211.13M,82.16M,55.71M,0.31,0.3,416.18M,0,167.46M,2017-07,10.16M,70.34M,-5.485M,-5.485M,944.06M,3.192M,550.88M,130.17M,133.11M,106.38M,36.01M,378.60M,37.29M,1.098B,1.983B,0.023M,587.26M,302.15M,883.90M,1.395B,581.75M,37.29M,77.63M,318.26M
CPRT,2017-04,-114.27M,189.62M,201.36M,16.15M,6.147M,0.39,0.38,266.26M,0,172.50M,2017-04,9.239M,90.55M,-5.506M,-5.506M,913.30M,3.773M,550.76M,136.79M,199.19M,131.09M,40.54M,373.86M,35.72M,1.006B,1.812B,0.022M,593.61M,221.49M,805.36M,1.218B,583.87M,35.72M,199.19M,344.73M
CPRT,2017-01,-119.55M,174.95M,202.77M,146.15M,7.204M,0.29,0.28,265.80M,0,146.76M,2017-01,9.136M,66.07M,-5.76M,-5.76M,882.26M,3.446M,565.93M,108.88M,192.59M,100.10M,34.03M,349.53M,37.88M,895.70M,1.841B,0.011M,659.25M,345.95M,945.54M,1.182B,599.59M,37.88M,192.59M,423.96M
CPRT,2016-10,-127.97M,168.42M,200.70M,171.15M,3.975M,0.74,0.7,265.33M,0,145.29M,2016-10,8.918M,167.28M,-5.622M,-5.622M,840.59M,3.38M,573.03M,104.82M,182.55M,102.53M,-64.75M,345.99M,40.47M,807.41M,1.770B,0.011M,630.71M,357.68M,962.99M,1.140B,605.31M,40.47M,182.55M,405.28M
CPRT,2016-07,-109.19M,155.85M,191.20M,76.15M,45.13M,0.385,0.355,271.96M,0,141.46M,2016-07,10.39M,84.12M,-6.257M,-6.257M,816.79M,3.816M,564.34M,106.19M,124.12M,105.98M,21.86M,332.66M,35.27M,774.46M,1.650B,0.022M,499.31M,278.78M,875.36M,1.151B,596.58M,35.27M,82.58M,285.02M
CPRT,2016-04,-83.79M,137.65M,189.60M,30.37M,5.745M,0.34,0.32,280.76M,0,157.65M,2016-04,11.44M,74.62M,-5.419M,-5.419M,806.97M,5.001M,670.51M,121.95M,167.47M,116.57M,41.94M,347.25M,35.70M,716.53M,1.624B,0.011M,464.50M,203.58M,907.61M,1.160B,704.03M,35.70M,167.47M,266.06M
CPRT,2016-01,-103.07M,158.88M,175.09M,99.17M,5.478M,0.25,0.235,278.54M,1.116B,124.61M,2016-01,9.458M,59.00M,-4.968M,-4.968M,744.22M,4.868M,576.50M,92.08M,160.47M,91.55M,32.55M,299.71M,32.53M,731.40M,1.604B,0.011M,506.86M,265.12M,872.96M,1.098B,607.85M,32.53M,160.47M,288.96M
CPRT,2015-10,-74.74M,494.81M,167.98M,42.42M,3.719M,0.22,0.205,286.85M,1.078B,120.86M,2015-10,9.075M,52.61M,-5.513M,-5.513M,705.59M,5.194M,584.30M,86.25M,177.79M,81.76M,29.15M,288.84M,34.62M,1.017B,1.856B,0.012M,785.66M,223.93M,839.22M,1.070B,615.29M,34.62M,177.79M,232.35M
CPRT,2015-07,-68.79M,456.01M,163.51M,53.67M,37.60M,0.23,0.22,289.71M,0,118.78M,2015-07,8.613M,57.41M,-5.372M,-5.372M,700.40M,5.322M,590.84M,86.76M,96.21M,81.45M,24.03M,282.29M,32.02M,964.46M,1.799B,0.012M,734.58M,213.13M,834.20M,1.064B,621.07M,32.02M,65.80M,221.79M
CPRT,2015-04,-66.59M,678.74M,169.72M,64.92M,4.612M,0.23,0.22,291.20M,0,127.42M,2015-04,8.107M,57.56M,-5.656M,-5.656M,683.96M,6.334M,599.95M,94.77M,159.92M,88.30M,30.73M,297.14M,32.65M,1.136B,2.003B,0.013M,954.46M,229.45M,867.01M,1.049B,637.56M,32.65M,159.92M,219.59M
CPRT,2015-01,-66.52M,590.37M,161.39M,76.17M,4.515M,0.205,0.2,291.92M,0,114.87M,2015-01,8.015M,52.19M,-4.505M,-4.505M,688.24M,6.324M,608.24M,80.47M,154.04M,80.10M,27.91M,276.26M,34.40M,1.073B,1.952B,0.013M,888.42M,234.72M,878.83M,1.064B,644.11M,34.40M,154.04M,243.28M
CPRT,2014-10,-43.94M,198.48M,168.08M,76.17M,3.815M,0.21,0.2,301.15M,0,122.31M,2014-10,7.592M,52.62M,-1.771M,-1.771M,691.98M,6.854M,203.87M,82.40M,179.70M,82.22M,29.61M,290.39M,39.91M,1.037B,1.537B,0.013M,457.77M,259.69M,499.16M,1.079B,239.46M,39.91M,179.70M,205.21M
CPRT,2014-07,-20.06M,158.67M,170.51M,79.67M,32.29M,0.205,0.195,309.02M,0,116.94M,2014-07,7.259M,51.04M,-2.051M,-2.051M,692.38M,7.372M,223.23M,75.86M,106.60M,73.88M,22.84M,287.45M,41.08M,1.003B,1.507B,0.013M,412.29M,244.28M,503.30M,1.095B,259.02M,41.08M,70.50M,199.27M
CPRT,2014-04,-21.83M,132.83M,177.47M,76.17M,5.146M,0.16,0.155,313.79M,0,132.25M,2014-04,9.826M,40.88M,-2.023M,-2.023M,685.56M,7.494M,242.11M,91.74M,175.42M,61.32M,20.44M,309.72M,40.52M,939.76M,1.477B,0.013M,385.75M,256.74M,536.91M,1.091B,280.17M,40.52M,175.42M,195.97M
CPRT,2014-01,-31.72M,46.20M,174.89M,94.06M,5.179M,0.18,0.175,310.94M,0,111.55M,2014-01,9.85M,45.34M,-2.066M,-2.066M,707.38M,7.461M,261.18M,71.48M,160.41M,70.59M,25.24M,286.43M,40.06M,880.72M,1.438B,0.013M,332.93M,259.65M,557.77M,1.106B,298.12M,40.06M,160.41M,227.73M
CPRT,2013-10,-32.68M,77.05M,172.05M,77.30M,4.179M,0.165,0.16,297.35M,0,107.84M,2013-10,9.205M,41.42M,-2.137M,-2.137M,692.40M,7.475M,280.12M,64.96M,176.42M,64.24M,22.82M,279.88M,42.88M,822.65M,1.397B,0.013M,320.96M,257.91M,574.74M,1.076B,316.83M,42.88M,176.42M,189.46M
CPRT,2013-07,-47.16M,63.63M,160.62M,92.34M,30.22M,0.165,0.16,285.17M,1.050B,103.07M,2013-07,10.74M,41.30M,-2.356M,-2.356M,677.52M,8.071M,296.41M,63.05M,94.03M,62.16M,20.86M,263.70M,40.02M,762.40M,1.334B,0.013M,306.45M,238.56M,572.08M,1.028B,333.52M,40.02M,75.30M,192.13M
CPRT,2013-04,-37.08M,139.33M,162.04M,75.94M,5.405M,0.21,0.205,221.68M,910.59M,115.60M,2013-04,10.52M,53.24M,-2.40M,-2.40M,676.70M,8.638M,314.23M,82.81M,137.04M,82.00M,28.77M,277.64M,32.78M,724.39M,1.299B,0.013M,353.16M,218.38M,574.29M,945.52M,355.91M,32.78M,137.04M,168.54M
CPRT,2013-01,-32.27M,49.51M,169.37M,75.18M,5.363M,0.16,0.155,225.11M,892.72M,96.82M,2013-01,11.04M,39.64M,-2.397M,-2.397M,657.42M,9.153M,333.07M,62.77M,131.48M,61.12M,21.48M,266.18M,34.05M,667.50M,1.254B,0.013M,311.90M,212.81M,586.44M,942.04M,373.63M,34.05M,131.48M,211.27M
CPRT,2012-10,-30.70M,131.43M,133.43M,75.18M,5.218M,0.185,0.18,205.60M,0,105.44M,2012-10,7.587M,45.84M,-2.476M,-2.476M,625.04M,7.098M,350.16M,74.36M,136.02M,71.59M,25.74M,238.87M,31.08M,608.87M,1.215B,0.012M,327.07M,217.22M,605.66M,887.46M,388.44M,31.08M,136.02M,150.77M
CPRT,2012-07,-38.04M,140.11M,127.13M,75.17M,23.45M,0.18,0.175,204.42M,0,99.43M,2012-07,8.494M,44.90M,-3.015M,-3.015M,587.16M,7.186M,368.95M,69.49M,70.91M,67.48M,22.58M,226.56M,29.93M,561.12M,1.154B,0.012M,321.23M,186.32M,592.88M,832.77M,406.56M,29.93M,55.59M,140.21M
CPRT,2012-04,-27.01M,207.13M,128.84M,75.17M,6.367M,0.22,0.215,207.18M,0,115.27M,2012-04,7.458M,55.47M,-2.93M,-2.93M,574.73M,9.13M,387.75M,87.94M,117.23M,84.55M,29.08M,244.10M,27.32M,578.73M,1.205B,0.013M,383.38M,198.77M,626.03M,821.39M,427.26M,27.32M,117.23M,133.30M
CPRT,2012-01,-35.91M,127.64M,128.21M,75.18M,6.426M,0.16,0.155,205.14M,0,99.70M,2012-01,7.247M,40.60M,-2.914M,-2.914M,568.82M,9.063M,406.54M,72.31M,103.79M,62.22M,21.61M,227.90M,27.39M,507.37M,1.140B,0.006M,328.21M,186.18M,632.29M,811.45M,446.10M,27.39M,103.79M,154.88M
CPRT,2011-10,-27.34M,212.68M,130.40M,75.39M,4.657M,0.155,0.155,208.53M,0,95.22M,2011-10,6.433M,41.15M,-2.125M,-2.125M,594.85M,9.585M,425.34M,65.38M,123.75M,63.82M,22.67M,225.63M,29.85M,554.84M,1.226B,0,384.27M,208.64M,671.04M,841.61M,462.40M,29.85M,123.75M,137.07M
CPRT,2011-07,-23.22M,74.01M,125.86M,50.37M,6.076M,0.15,0.1475,211.37M,0,89.59M,2011-07,8.016M,40.52M,-1.693M,-1.693M,600.39M,10.06M,325.39M,63.46M,89.65M,62.64M,22.12M,215.44M,26.13M,555.17M,1.084B,0,241.87M,166.63M,529.26M,842.57M,362.64M,26.13M,58.10M,128.00M
CPRT,2011-04,-20.17M,192.15M,127.85M,50.74M,6.189M,0.18,0.175,211.02M,0,108.91M,2011-04,6.412M,50.14M,-1.673M,-1.673M,598.97M,9.482M,337.95M,82.04M,114.47M,80.35M,30.21M,236.76M,26.86M,646.34M,1.191B,0,353.37M,171.41M,544.97M,837.95M,373.56M,26.86M,114.47M,122.38M
