Ticker,Date,Accrued Comprehensive Inc,Cash and Short Term Investments,Cost of Goods Sold,Current Debt & Capital Lease Obligation,Current Deferred Liabilities,EPS Basic,EPS Diluted,Goodwill and Intangibles,Gross PP&E,Gross Profit,Income (Quarterly),Inventories,Net Income,Net Non-Operating Interest Income Expense,Net Operating Interest Income,Net PP&E,Non-Current Deferred Liabilities,Non-Current Portion of LTD and Capital Lease Obligation,Operating Income,Payables and Accrued Expenses,Pre-Tax Income,Provision for Income Taxes,Research and Development Expense,Revenue,SG&A Expense,Shareholders Equity,Total Assets,Total Capital Stock,Total Current Assets,Total Current Liabilities,Total Liabilities,Total Long Term Assets,Total Long Term Liabilities,Total Operating Expenses,Total Payables,Total Receivables
CSCO,2021-01,-218.00M,30.59B,4.176B,5.00B,11.55B,0.6,0.6,36.20B,11.07B,7.784B,2021-01,1.436B,2.545B,48.00M,48.00M,2.386B,9.294B,9.554B,3.457B,2.63B,3.255B,710.00M,1.527B,11.96B,2.761B,39.12B,95.60B,41.69B,43.91B,27.27B,56.48B,51.69B,29.21B,4.327B,2.63B,9.334B
CSCO,2020-10,-447.00M,30.01B,4.348B,5.002B,11.27B,0.51,0.51,36.12B,11.02B,7.581B,2020-10,1.303B,2.174B,62.00M,62.00M,2.412B,9.202B,9.564B,3.172B,3.104B,2.681B,507.00M,1.612B,11.93B,2.761B,38.16B,95.00B,41.36B,42.99B,26.99B,56.85B,52.01B,29.86B,4.409B,3.104B,9.085B
CSCO,2020-07,-519.00M,29.42B,4.47B,3.005B,11.41B,0.62,0.62,35.38B,11.01B,7.684B,2020-07,1.282B,2.636B,68.00M,68.00M,2.453B,9.04B,11.58B,3.374B,3.057B,3.306B,670.00M,1.565B,12.15B,2.712B,37.92B,94.85B,41.20B,43.57B,25.33B,56.93B,51.28B,31.60B,4.31B,3.057B,10.52B
CSCO,2020-04,-1.109B,28.57B,4.212B,4.506B,10.71B,0.66,0.65,35.20B,11.14B,7.771B,2020-04,1.212B,2.774B,88.00M,88.00M,2.535B,7.938B,11.58B,3.542B,3.44B,3.444B,670.00M,1.546B,11.98B,2.649B,35.71B,91.39B,40.69B,41.31B,25.94B,55.69B,50.09B,29.75B,4.229B,3.44B,9.272B
CSCO,2020-01,-700.00M,27.06B,4.241B,1.499B,10.64B,0.68,0.68,35.52B,11.34B,7.764B,2020-01,1.353B,2.878B,84.00M,84.00M,2.621B,8.048B,14.49B,3.422B,2.754B,3.534B,656.00M,1.57B,12.00B,2.734B,35.53B,90.43B,40.62B,40.05B,22.09B,54.89B,50.37B,32.80B,4.342B,2.754B,9.157B
CSCO,2019-10,-815.00M,28.04B,4.695B,4.00B,10.65B,0.69,0.68,35.68B,11.81B,8.464B,2019-10,1.344B,2.926B,95.00M,95.00M,2.669B,7.956B,14.50B,3.763B,2.81B,3.686B,760.00M,1.666B,13.16B,2.999B,34.42B,92.49B,40.32B,41.72B,24.60B,58.07B,50.78B,33.47B,4.701B,2.81B,9.904B
CSCO,2019-07,-792.00M,33.41B,4.854B,10.19B,10.67B,0.52,0.51,35.73B,12.04B,8.574B,2019-07,1.383B,2.206B,101.00M,101.00M,2.789B,7.799B,14.48B,3.73B,3.208B,3.704B,1.498B,1.753B,13.43B,3.053B,33.57B,97.79B,40.27B,47.76B,31.71B,64.22B,50.04B,32.51B,4.844B,3.208B,10.59B
CSCO,2019-04,-896.00M,34.64B,4.785B,7.777B,10.12B,0.7,0.69,35.94B,12.12B,8.173B,2019-04,1.513B,3.044B,120.00M,120.00M,2.834B,7.339B,15.92B,3.531B,2.975B,3.615B,571.00M,1.659B,12.96B,2.944B,36.80B,97.29B,40.58B,47.31B,27.91B,60.48B,49.98B,32.57B,4.642B,2.975B,8.824B
CSCO,2019-01,-1.11B,40.38B,4.673B,9.737B,9.976B,0.63,0.63,35.56B,12.21B,7.773B,2019-01,1.701B,2.822B,105.00M,105.00M,2.931B,7.285B,15.89B,3.397B,2.765B,3.343B,521.00M,1.557B,12.45B,2.78B,40.79B,102.46B,41.36B,53.12B,29.48B,61.67B,49.34B,32.19B,4.376B,2.765B,8.802B
CSCO,2018-10,-1.218B,42.59B,4.926B,7.241B,9.637B,0.78,0.77,36.10B,12.29B,8.146B,2018-10,1.572B,3.549B,123.00M,123.00M,2.956B,7.177B,18.32B,3.883B,2.889B,3.909B,360.00M,1.608B,13.07B,2.621B,43.85B,105.43B,41.90B,55.69B,26.41B,61.58B,49.74B,35.17B,4.263B,2.889B,9.387B
CSCO,2018-07,-849.00M,46.55B,4.922B,5.238B,11.49B,0.81,0.81,34.26B,12.24B,7.922B,2018-07,1.846B,3.803B,129.00M,129.00M,3.006B,8.195B,20.33B,3.372B,2.908B,3.592B,-211.00M,1.626B,12.84B,2.891B,43.20B,108.78B,42.82B,61.84B,27.04B,65.58B,46.95B,38.54B,4.55B,2.908B,10.50B
CSCO,2018-04,-604.00M,54.43B,4.704B,7.736B,11.30B,0.56,0.56,34.34B,12.33B,7.759B,2018-04,1.90B,2.691B,143.00M,143.00M,3.082B,7.652B,20.34B,3.216B,2.514B,3.253B,562.00M,1.59B,12.46B,2.886B,46.66B,114.01B,43.56B,67.14B,28.64B,67.35B,46.87B,38.70B,4.543B,2.514B,9.142B
CSCO,2018-01,83.00M,73.68B,4.389B,13.74B,11.10B,-1.78,-1.78,32.86B,12.44B,7.498B,2018-01,1.896B,-8.778B,149.00M,149.00M,3.113B,7.686B,25.62B,3.171B,3.264B,3.232B,12.01B,1.549B,11.89B,2.718B,51.98B,131.51B,44.54B,86.05B,35.36B,79.53B,45.46B,44.16B,4.327B,3.264B,8.888B
CSCO,2017-10,31.00M,71.59B,4.709B,10.24B,10.92B,0.48,0.48,32.91B,12.53B,7.427B,2017-10,1.693B,2.394B,144.00M,144.00M,3.202B,7.645B,25.68B,2.908B,1.241B,2.962B,568.00M,1.567B,12.14B,2.891B,65.55B,130.52B,44.87B,84.08B,29.28B,64.97B,46.44B,35.69B,4.519B,1.241B,9.244B
CSCO,2017-07,46.00M,70.49B,4.587B,7.992B,10.82B,0.49,0.48,32.30B,12.82B,7.546B,2017-07,1.616B,2.424B,138.00M,138.00M,3.322B,7.673B,25.72B,3.176B,1.483B,3.18B,756.00M,1.499B,12.13B,2.813B,66.14B,129.82B,45.25B,83.70B,27.58B,63.68B,46.12B,36.10B,4.37B,1.483B,10.00B
CSCO,2017-04,-342.00M,67.97B,4.422B,4.248B,10.34B,0.5,0.5,32.22B,12.70B,7.518B,2017-04,1.366B,2.515B,135.00M,135.00M,3.395B,6.978B,28.22B,3.239B,1.239B,3.191B,676.00M,1.507B,11.94B,2.713B,65.38B,125.95B,45.00B,79.96B,22.72B,60.57B,45.99B,37.85B,4.279B,1.239B,9.274B
CSCO,2017-01,-801.00M,71.84B,4.304B,4.451B,10.24B,0.47,0.47,28.94B,12.64B,7.276B,2017-01,1.264B,2.348B,107.00M,107.00M,3.422B,6.843B,30.47B,3.026B,1.014B,2.963B,615.00M,1.508B,11.58B,2.678B,63.81B,126.25B,44.58B,83.39B,22.71B,62.43B,42.86B,39.72B,4.25B,1.014B,8.954B
CSCO,2016-10,-524.00M,70.97B,4.468B,4.155B,10.22B,0.46,0.46,29.12B,12.67B,7.884B,2016-10,1.176B,2.322B,97.00M,97.00M,3.499B,6.736B,30.63B,3.288B,1.028B,2.953B,631.00M,1.545B,12.35B,2.973B,63.41B,126.29B,44.24B,83.14B,23.22B,62.87B,43.15B,39.66B,4.596B,1.028B,9.346B
CSCO,2016-07,-326.00M,65.76B,4.663B,4.16B,10.16B,0.56,0.56,29.13B,12.56B,7.975B,2016-07,1.217B,2.813B,93.00M,93.00M,3.506B,6.317B,24.48B,3.316B,1.573B,3.394B,581.00M,1.601B,12.64B,2.976B,63.59B,121.65B,44.52B,78.72B,24.91B,58.07B,42.93B,33.16B,4.659B,1.573B,10.12B
CSCO,2016-04,-227.00M,63.51B,4.279B,4.164B,9.662B,0.47,0.46,29.51B,12.64B,7.721B,2016-04,1.343B,2.349B,95.00M,95.00M,3.529B,5.61B,24.43B,3.001B,1.159B,3.083B,734.00M,1.626B,12.00B,3.013B,62.36B,118.65B,44.14B,78.57B,24.00B,56.30B,40.08B,32.29B,4.72B,1.159B,8.763B
CSCO,2016-01,-807.00M,60.38B,4.495B,3.008B,9.796B,0.62,0.62,27.28B,12.38B,7.432B,2016-01,1.362B,3.147B,75.00M,75.00M,3.386B,5.389B,21.59B,3.39B,1.332B,3.306B,159.00M,1.509B,11.93B,2.462B,60.87B,112.64B,43.86B,75.00B,22.80B,51.76B,37.64B,28.96B,4.042B,1.332B,8.816B
CSCO,2015-10,-252.00M,59.11B,4.85B,3.027B,9.821B,0.48,0.48,27.17B,12.45B,7.832B,2015-10,1.482B,2.43B,66.00M,66.00M,3.346B,5.341B,21.59B,3.221B,1.241B,3.137B,707.00M,1.56B,12.68B,2.982B,59.98B,111.77B,43.64B,73.95B,22.10B,51.79B,37.83B,29.69B,4.611B,1.241B,9.218B
CSCO,2015-07,61.00M,60.42B,5.11B,3.897B,9.824B,0.46,0.45,26.84B,12.43B,7.733B,2015-07,1.627B,2.319B,62.00M,62.00M,3.332B,5.359B,21.46B,2.954B,1.166B,2.933B,614.00M,1.548B,12.84B,3.085B,59.70B,113.37B,43.59B,73.37B,23.41B,53.67B,40.00B,30.25B,4.779B,1.166B,9.835B
CSCO,2015-04,187.00M,54.42B,4.612B,4.418B,9.371B,0.48,0.47,27.02B,12.46B,7.525B,2015-04,1.76B,2.437B,51.00M,51.00M,3.276B,4.81B,16.59B,2.949B,1.198B,3.035B,598.00M,1.547B,12.14B,2.959B,58.82B,106.21B,43.13B,69.33B,23.24B,47.38B,36.88B,24.13B,4.576B,1.198B,9.137B
CSCO,2015-01,186.00M,53.02B,4.846B,855.00M,9.369B,0.47,0.46,27.14B,12.46B,7.09B,2015-01,1.89B,2.397B,50.00M,50.00M,3.212B,4.652B,19.67B,2.691B,988.00M,2.873B,476.00M,1.529B,11.94B,2.798B,57.72B,104.92B,42.68B,67.88B,20.03B,47.19B,37.04B,27.16B,4.399B,988.00M,8.751B
CSCO,2014-10,451.00M,52.11B,4.912B,1.357B,9.449B,0.36,0.35,27.43B,12.47B,7.333B,2014-10,1.676B,1.828B,40.00M,40.00M,3.233B,4.295B,19.62B,2.66B,1.116B,2.36B,532.00M,1.583B,12.24B,3.019B,56.71B,103.98B,41.98B,66.40B,20.06B,47.26B,37.58B,27.21B,4.673B,1.116B,8.64B
CSCO,2014-07,677.00M,52.07B,4.952B,508.00M,9.478B,0.44,0.43,27.52B,12.52B,7.405B,2014-07,1.591B,2.247B,41.00M,41.00M,3.252B,4.664B,20.34B,2.763B,1.191B,2.778B,531.00M,1.593B,12.36B,2.981B,56.65B,105.07B,41.88B,67.11B,19.81B,48.41B,37.96B,28.60B,4.642B,1.191B,9.31B
CSCO,2014-04,697.00M,50.47B,4.539B,508.00M,9.198B,0.42,0.42,27.54B,12.56B,7.006B,2014-04,1.528B,2.181B,24.00M,24.00M,3.31B,3.953B,20.38B,2.568B,1.051B,2.642B,461.00M,1.565B,11.54B,2.802B,55.79B,101.86B,41.24B,64.29B,18.52B,46.06B,37.57B,27.54B,4.438B,1.051B,8.514B
CSCO,2014-01,703.00M,47.06B,5.204B,4.761B,9.35B,0.27,0.27,27.78B,12.46B,5.951B,2014-01,1.548B,1.429B,33.00M,33.00M,3.234B,3.894B,12.38B,1.74B,891.00M,1.755B,326.00M,1.412B,11.16B,2.728B,56.07B,98.43B,41.44B,60.69B,22.94B,42.34B,37.74B,19.40B,4.211B,891.00M,8.394B
CSCO,2013-10,772.00M,48.20B,4.678B,3.279B,9.212B,0.37,0.37,27.64B,12.36B,7.407B,2013-10,1.466B,1.996B,29.00M,29.00M,3.273B,3.995B,12.95B,2.692B,1.025B,2.54B,544.00M,1.724B,12.08B,2.926B,58.90B,100.74B,42.17B,62.80B,21.73B,41.83B,37.94B,20.10B,4.715B,1.025B,9.32B
CSCO,2013-07,608.00M,50.61B,5.07B,3.283B,9.262B,0.42,0.42,25.32B,12.39B,7.347B,2013-07,1.476B,2.27B,28.00M,28.00M,3.322B,4.161B,12.93B,2.814B,1.221B,2.871B,601.00M,1.517B,12.42B,2.95B,59.12B,101.19B,42.30B,65.52B,22.00B,42.06B,35.67B,20.07B,4.533B,1.221B,9.507B
CSCO,2013-04,689.00M,47.39B,4.705B,3.292B,9.055B,0.47,0.46,25.05B,12.28B,7.511B,2013-04,1.469B,2.478B,17.00M,17.00M,3.33B,3.63B,12.96B,2.975B,957.00M,2.945B,467.00M,1.542B,12.22B,2.905B,56.79B,97.08B,40.43B,61.42B,21.06B,40.29B,35.67B,19.22B,4.536B,957.00M,8.82B
CSCO,2013-01,898.00M,46.38B,4.755B,37.00M,9.108B,0.59,0.59,24.90B,12.38B,7.343B,2013-01,1.574B,3.143B,13.00M,13.00M,3.403B,4.213B,16.25B,2.802B,977.00M,2.78B,-363.00M,1.452B,12.10B,2.971B,55.52B,96.38B,39.97B,60.72B,17.95B,40.85B,35.65B,22.90B,4.541B,977.00M,8.356B
CSCO,2012-10,833.00M,45.00B,4.637B,55.00M,8.721B,0.39,0.39,23.89B,12.25B,7.239B,2012-10,1.709B,2.092B,13.00M,13.00M,3.409B,3.902B,16.27B,2.71B,1.089B,2.631B,539.00M,1.431B,11.88B,2.976B,52.69B,92.64B,39.29B,57.91B,17.11B,39.94B,34.74B,22.83B,4.529B,1.089B,7.668B
CSCO,2012-07,661.00M,48.72B,4.605B,31.00M,8.852B,0.36,0.36,18.96B,11.98B,7.085B,2012-07,1.663B,1.917B,20.00M,20.00M,3.402B,4.028B,16.30B,2.45B,1.135B,2.386B,469.00M,1.416B,11.69B,3.128B,51.29B,91.76B,39.27B,61.93B,17.73B,40.46B,29.83B,22.73B,4.635B,1.135B,8.03B
CSCO,2012-04,978.00M,48.41B,4.419B,83.00M,8.568B,0.4,0.4,19.14B,12.07B,7.169B,2012-04,1.497B,2.165B,10.00M,10.00M,3.634B,4.08B,16.29B,2.77B,1.356B,2.779B,614.00M,1.358B,11.59B,2.945B,51.36B,91.15B,39.51B,61.21B,17.12B,39.78B,29.94B,22.65B,4.399B,1.356B,7.689B
CSCO,2012-01,850.00M,46.74B,4.462B,605.00M,8.534B,0.41,0.4,19.08B,12.02B,7.065B,2012-01,1.59B,2.182B,8.00M,8.00M,3.711B,3.928B,16.30B,2.737B,1.286B,2.749B,567.00M,1.339B,11.53B,2.892B,49.25B,89.26B,38.91B,59.30B,17.60B,39.99B,29.96B,22.40B,4.328B,1.286B,7.423B
CSCO,2011-10,981.00M,44.39B,4.366B,589.00M,8.444B,0.33,0.33,19.19B,11.88B,6.89B,2011-10,1.622B,1.777B,16.00M,16.00M,3.753B,3.952B,16.26B,2.412B,1.363B,2.245B,468.00M,1.375B,11.26B,3.004B,47.19B,86.96B,38.30B,57.27B,17.46B,39.75B,29.70B,22.29B,4.478B,1.363B,7.60B
CSCO,2011-07,1.294B,44.58B,4.334B,588.00M,8.025B,0.22,0.22,19.36B,12.07B,6.861B,2011-07,1.486B,1.232B,16.00M,16.00M,3.916B,4.182B,16.23B,2.224B,996.00M,1.467B,235.00M,1.484B,11.20B,3.052B,47.23B,87.10B,38.65B,57.23B,17.51B,39.84B,29.86B,22.33B,4.637B,996.00M,7.809B
CSCO,2011-04,1.307B,43.37B,4.207B,581.00M,7.771B,0.33,0.33,19.58B,11.94B,6.659B,2011-04,1.442B,1.807B,8.00M,8.00M,4.023B,3.928B,16.17B,2.214B,877.00M,2.203B,396.00M,1.43B,10.87B,2.912B,47.16B,85.35B,38.64B,55.20B,16.11B,38.14B,30.15B,22.03B,4.445B,877.00M,4.413B
