Ticker,Date,Accrued Comprehensive Inc,Cash and Short Term Investments,Cost of Goods Sold,Current Debt & Capital Lease Obligation,EPS Basic,EPS Diluted,Goodwill and Intangibles,Gross PP&E,Gross Profit,Income (Quarterly),Inventories,Net Income,Net Non-Operating Interest Income Expense,Net Operating Interest Income,Net PP&E,Non-Current Deferred Liabilities,Non-Current Portion of LTD and Capital Lease Obligation,Operating Income,Payables and Accrued Expenses,Pre-Tax Income,Provision for Income Taxes,Revenue,SG&A Expense,Shareholders Equity,Total Assets,Total Capital Stock,Total Current Assets,Total Current Liabilities,Total Liabilities,Total Long Term Assets,Total Long Term Liabilities,Total Operating Expenses,Total Payables,Total Receivables
CSX,2021-03,-530.00M,2.957B,1.712B,41.00M,0.93,0.93,0,46.06B,1.101B,2021-03,298.00M,706.00M,-184.00M,-184.00M,32.87B,7.226B,16.76B,1.101B,1.515B,937.00M,231.00M,2.813B,0,13.15B,39.69B,757.00M,4.305B,1.80B,26.53B,35.39B,24.73B,0,1.515B,957.00M
CSX,2020-12,-598.00M,3.131B,1.61B,401.00M,0.9961,0.99,0,46.00B,1.215B,2020-12,302.00M,760.00M,-172.00M,-172.00M,32.92B,7.168B,16.76B,1.215B,1.364B,994.00M,234.00M,2.825B,0,13.10B,39.79B,763.00M,4.441B,2.019B,26.68B,35.35B,24.66B,0,1.364B,912.00M
CSX,2020-09,-618.00M,2.899B,1.507B,371.00M,0.96,0.96,0,45.91B,1.141B,2020-09,253.00M,736.00M,-187.00M,-187.00M,32.88B,7.087B,16.60B,1.141B,1.618B,968.00M,232.00M,2.648B,0,12.71B,39.44B,765.00M,4.228B,2.294B,26.72B,35.22B,24.42B,0,1.618B,980.00M
CSX,2020-06,-652.00M,2.594B,1.427B,378.00M,0.65,0.65,0,45.84B,828.00M,2020-06,246.00M,499.00M,-191.00M,-191.00M,32.77B,7.028B,16.61B,828.00M,1.692B,652.00M,153.00M,2.255B,0,12.15B,38.90B,765.00M,3.791B,2.347B,26.74B,35.11B,24.39B,0,1.692B,860.00M
CSX,2020-03,-672.00M,2.482B,1.677B,255.00M,1,1,0,45.59B,1.178B,2020-03,257.00M,770.00M,-187.00M,-187.00M,32.71B,6.991B,16.97B,1.178B,1.672B,1.013B,243.00M,2.855B,0,11.87B,38.83B,765.00M,3.821B,2.211B,26.95B,35.01B,24.74B,0,1.672B,1.008B
CSX,2019-12,-675.00M,1.954B,1.731B,245.00M,0.9974,0.99,0,45.63B,1.154B,2019-12,261.00M,771.00M,-141.00M,-141.00M,32.70B,6.961B,16.49B,1.154B,1.601B,981.00M,210.00M,2.885B,0,11.85B,38.26B,773.00M,3.278B,2.151B,26.39B,34.98B,24.24B,0,1.601B,986.00M
CSX,2019-09,-648.00M,2.558B,1.691B,804.00M,1.08,1.08,0,45.55B,1.287B,2019-09,235.00M,856.00M,-186.00M,-186.00M,32.62B,6.882B,16.49B,1.287B,1.742B,1.125B,269.00M,2.978B,0,11.86B,38.80B,782.00M,3.96B,2.805B,26.92B,34.84B,24.11B,0,1.742B,1.101B
CSX,2019-06,-655.00M,1.731B,1.756B,304.00M,1.08,1.08,0,45.31B,1.305B,2019-06,222.00M,870.00M,-184.00M,-184.00M,32.57B,6.791B,16.02B,1.305B,1.534B,1.146B,276.00M,3.061B,0,12.28B,37.92B,798.00M,3.186B,2.053B,25.63B,34.74B,23.58B,0,1.534B,1.111B
CSX,2019-03,-659.00M,2.01B,1.794B,71.00M,1.02,1.02,0,45.38B,1.219B,2019-03,241.00M,834.00M,-178.00M,-178.00M,32.54B,6.743B,16.25B,1.219B,1.618B,1.064B,230.00M,3.013B,0,12.43B,38.15B,809.00M,3.479B,1.926B,25.71B,34.68B,23.78B,0,1.618B,1.106B
CSX,2018-12,-661.00M,1.111B,1.815B,18.00M,1.031,1.01,0,44.80B,1.328B,2018-12,263.00M,843.00M,-139.00M,-139.00M,32.00B,6.69B,14.74B,1.328B,1.605B,1.098B,255.00M,3.143B,0,12.56B,36.73B,818.00M,2.565B,1.915B,24.15B,34.16B,22.23B,0,1.605B,1.01B
CSX,2018-09,-574.00M,1.278B,1.86B,18.00M,1.05,1.05,63.00M,44.48B,1.269B,2018-09,283.00M,894.00M,-162.00M,-162.00M,31.87B,6.584B,13.75B,1.269B,1.665B,1.15B,256.00M,3.129B,0,13.72B,36.86B,844.00M,2.784B,1.944B,23.13B,34.08B,21.18B,-29.00M,1.665B,1.09B
CSX,2018-06,-581.00M,1.403B,1.849B,19.00M,1.02,1.01,0,44.31B,1.253B,2018-06,326.00M,877.00M,-157.00M,-157.00M,31.85B,6.532B,13.77B,1.253B,1.461B,1.144B,267.00M,3.102B,0,14.01B,36.92B,859.00M,2.881B,1.732B,22.90B,34.04B,21.17B,-1.00M,1.461B,1.036B
CSX,2018-03,-585.00M,1.99B,1.857B,19.00M,0.78,0.78,0,44.10B,1.019B,2018-03,369.00M,695.00M,-149.00M,-149.00M,31.75B,6.485B,13.77B,1.019B,1.622B,912.00M,217.00M,2.876B,0,14.38B,37.44B,875.00M,3.542B,1.891B,23.05B,33.90B,21.16B,-122.00M,1.622B,1.045B
CSX,2017-12,-486.00M,419.00M,1.894B,19.00M,4.652,4.62,0,44.32B,969.00M,2017-12,372.00M,4.14B,-127.00M,-127.00M,31.76B,6.418B,11.79B,969.00M,1.606B,983.00M,-3.157B,2.863B,0,14.70B,35.74B,890.00M,1.915B,1.894B,21.02B,33.82B,19.12B,-173.00M,1.606B,970.00M
CSX,2017-09,-561.00M,704.00M,1.893B,19.00M,0.51,0.51,0,44.10B,850.00M,2017-09,392.00M,459.00M,-132.00M,-132.00M,31.58B,9.789B,11.79B,850.00M,1.828B,750.00M,291.00M,2.743B,0,10.89B,35.57B,894.00M,2.172B,2.075B,24.67B,33.40B,22.60B,-88.00M,1.828B,981.00M
CSX,2017-06,-569.00M,1.097B,1.877B,19.00M,0.55,0.55,0,43.75B,1.056B,2017-06,428.00M,510.00M,-137.00M,-137.00M,31.43B,9.737B,11.81B,1.056B,1.411B,827.00M,317.00M,2.933B,0,11.59B,35.86B,913.00M,2.63B,1.672B,24.26B,33.23B,22.59B,0,1.411B,1.015B
CSX,2017-03,-634.00M,1.217B,2.003B,331.00M,0.39,0.39,0,43.40B,866.00M,2017-03,415.00M,362.00M,-137.00M,-137.00M,31.26B,9.648B,10.96B,866.00M,1.645B,582.00M,220.00M,2.869B,0,11.66B,35.71B,923.00M,2.66B,2.277B,24.04B,33.05B,21.77B,0,1.645B,943.00M
CSX,2016-12,-640.00M,1.02B,2.059B,331.00M,0.4935,0.49,0,43.23B,978.00M,2016-12,407.00M,458.00M,-146.00M,-146.00M,31.15B,9.596B,10.96B,978.00M,1.48B,751.00M,293.00M,3.037B,0,11.68B,35.41B,928.00M,2.487B,2.04B,23.72B,32.93B,21.68B,0,1.48B,938.00M
CSX,2016-09,-639.00M,755.00M,1.869B,631.00M,0.48,0.48,0,42.72B,841.00M,2016-09,397.00M,455.00M,-139.00M,-139.00M,30.78B,9.505B,9.888B,841.00M,1.399B,715.00M,260.00M,2.71B,0,11.66B,34.68B,937.00M,2.163B,2.263B,23.01B,32.52B,20.75B,0,1.399B,925.00M
CSX,2016-06,-649.00M,828.00M,1.864B,632.00M,0.47,0.47,0,42.34B,840.00M,2016-06,399.00M,445.00M,-141.00M,-141.00M,30.61B,9.355B,9.905B,840.00M,1.367B,707.00M,262.00M,2.704B,0,11.61B,34.55B,946.00M,2.228B,2.282B,22.92B,32.32B,20.64B,0,1.367B,912.00M
CSX,2016-03,-658.00M,1.106B,1.914B,20.00M,0.37,0.37,63.00M,41.86B,704.00M,2016-03,370.00M,356.00M,-143.00M,-143.00M,30.29B,9.396B,10.52B,704.00M,1.383B,568.00M,212.00M,2.618B,0,11.59B,34.61B,956.00M,2.608B,1.692B,23.00B,32.00B,21.31B,0,1.383B,917.00M
CSX,2015-12,-665.00M,1.438B,2.03B,20.00M,0.4824,0.48,63.00M,41.57B,751.00M,2015-12,350.00M,466.00M,-134.00M,-134.00M,30.17B,9.179B,10.52B,751.00M,1.362B,741.00M,275.00M,2.781B,0,11.65B,34.74B,966.00M,2.84B,1.952B,23.08B,31.90B,21.12B,0,1.362B,982.00M
CSX,2015-09,-645.00M,966.00M,2.006B,18.00M,0.52,0.52,64.00M,40.84B,933.00M,2015-09,309.00M,507.00M,-136.00M,-136.00M,29.64B,8.957B,10.09B,933.00M,1.571B,799.00M,292.00M,2.939B,0,11.64B,34.02B,975.00M,2.502B,1.922B,22.36B,31.51B,20.43B,0,1.571B,1.003B
CSX,2015-06,-656.00M,1.118B,2.047B,18.00M,0.56,0.56,0,40.31B,1.017B,2015-06,295.00M,553.00M,-134.00M,-134.00M,29.25B,8.897B,10.11B,1.017B,1.495B,887.00M,334.00M,3.064B,0,11.56B,33.78B,984.00M,2.669B,1.778B,22.20B,31.11B,20.42B,0,1.495B,1.022B
CSX,2015-03,-668.00M,818.00M,2.184B,228.00M,0.45,0.45,0,39.82B,843.00M,2015-03,291.00M,442.00M,-134.00M,-134.00M,28.87B,8.886B,9.513B,843.00M,1.556B,711.00M,269.00M,3.027B,0,11.32B,33.16B,988.00M,2.457B,2.038B,21.82B,30.70B,19.78B,0,1.556B,1.103B
CSX,2014-12,-666.00M,961.00M,2.291B,228.00M,0.495,0.49,0,39.34B,901.00M,2014-12,273.00M,491.00M,-128.00M,-128.00M,28.58B,8.858B,9.514B,901.00M,1.621B,775.00M,284.00M,3.192B,0,11.15B,33.05B,992.00M,2.572B,2.107B,21.88B,30.48B,19.77B,0,1.621B,1.129B
CSX,2014-09,-483.00M,1.054B,2.245B,230.00M,0.51,0.51,0,38.53B,976.00M,2014-09,276.00M,509.00M,-137.00M,-137.00M,27.99B,8.742B,9.387B,976.00M,1.742B,813.00M,304.00M,3.221B,0,11.12B,32.62B,995.00M,2.676B,2.231B,21.48B,29.95B,19.25B,0,1.742B,1.123B
CSX,2014-06,-492.00M,789.00M,2.247B,899.00M,0.53,0.53,0,38.01B,997.00M,2014-06,275.00M,529.00M,-135.00M,-135.00M,27.68B,8.728B,8.41B,997.00M,1.619B,850.00M,321.00M,3.244B,0,10.88B,31.98B,1.00B,2.372B,2.797B,21.07B,29.60B,18.27B,0,1.619B,1.062B
CSX,2014-03,-507.00M,723.00M,2.273B,325.00M,0.4,0.4,0,37.60B,739.00M,2014-03,259.00M,398.00M,-140.00M,-140.00M,27.49B,8.658B,9.021B,739.00M,1.625B,606.00M,208.00M,3.012B,0,10.62B,31.68B,1.004B,2.289B,2.212B,21.04B,29.39B,18.82B,0,1.625B,1.073B
CSX,2013-12,-523.00M,1.079B,2.219B,533.00M,0.4222,0.42,0,37.18B,813.00M,2013-12,252.00M,426.00M,-131.00M,-131.00M,27.29B,8.662B,9.022B,813.00M,1.635B,674.00M,248.00M,3.032B,0,10.48B,31.78B,1.009B,2.602B,2.424B,21.28B,29.18B,18.85B,0,1.635B,1.052B
CSX,2013-09,-886.00M,719.00M,2.145B,264.00M,0.45,0.45,64.00M,36.64B,840.00M,2013-09,267.00M,455.00M,-136.00M,-136.00M,26.95B,8.387B,8.787B,840.00M,1.727B,709.00M,254.00M,2.985B,765.00M,9.848B,30.94B,1.014B,2.20B,2.251B,21.08B,28.74B,18.82B,17.00M,1.727B,981.00M
CSX,2013-06,-902.00M,1.017B,2.106B,564.00M,0.51,0.51,64.00M,36.15B,940.00M,2013-06,264.00M,521.00M,-140.00M,-140.00M,26.60B,8.313B,8.811B,940.00M,1.585B,809.00M,288.00M,3.046B,764.00M,9.643B,30.88B,1.019B,2.489B,2.418B,21.22B,28.39B,18.80B,1.016B,1.585B,946.00M
CSX,2013-03,-919.00M,1.072B,2.083B,572.00M,0.45,0.45,0,35.67B,880.00M,2013-03,283.00M,462.00M,-147.00M,-147.00M,26.29B,8.202B,8.846B,880.00M,1.625B,730.00M,268.00M,2.963B,0,9.33B,30.59B,1.022B,2.567B,2.474B,21.24B,28.02B,18.76B,1.01B,1.625B,976.00M
CSX,2012-12,-936.00M,1.371B,2.08B,780.00M,0.4343,0.43,0,35.28B,811.00M,2012-12,274.00M,447.00M,-140.00M,-140.00M,26.05B,8.096B,9.052B,811.00M,1.585B,725.00M,278.00M,2.891B,0,9.122B,30.72B,1.02B,2.953B,2.645B,21.59B,27.77B,18.94B,0,1.585B,1.114B
CSX,2012-09,-833.00M,728.00M,2.04B,806.00M,0.44,0.44,0,35.02B,854.00M,2012-09,264.00M,455.00M,-138.00M,-138.00M,25.93B,8.018B,8.257B,854.00M,1.627B,721.00M,266.00M,2.894B,0,9.016B,29.93B,1.031B,2.393B,3.021B,20.90B,27.54B,17.88B,0,1.458B,1.163B
CSX,2012-06,-849.00M,683.00M,2.069B,508.00M,0.49,0.49,0,34.62B,943.00M,2012-06,256.00M,512.00M,-139.00M,-139.00M,25.63B,7.896B,8.581B,943.00M,1.454B,809.00M,297.00M,3.012B,0,8.881B,29.59B,1.04B,2.372B,2.575B,20.69B,27.22B,18.12B,0,1.283B,1.136B
CSX,2012-03,-866.00M,766.00M,2.11B,502.00M,0.43,0.43,0,34.00B,856.00M,2012-03,251.00M,449.00M,-144.00M,-144.00M,25.14B,7.799B,8.623B,856.00M,1.507B,716.00M,267.00M,2.966B,0,8.491B,29.19B,1.039B,2.468B,2.593B,20.68B,26.72B,18.09B,0,1.339B,1.161B
CSX,2011-12,-875.00M,1.306B,5.144B,507.00M,0.46,0.46,0,33.70B,-2.141B,2011-12,240.00M,489.00M,-138.00M,-138.00M,24.97B,7.601B,8.734B,893.00M,1.688B,764.00M,275.00M,3.003B,0,8.455B,29.34B,1.049B,2.806B,2.558B,20.88B,26.54B,18.32B,0,1.688B,1.00B
CSX,2011-09,-738.00M,641.00M,1.069B,494.00M,0.43,0.43,0,33.14B,1.894B,2011-09,236.00M,464.00M,-137.00M,-137.00M,24.42B,7.535B,8.16B,878.00M,1.299B,746.00M,282.00M,2.963B,0,8.256B,28.25B,1.05B,2.301B,2.568B,19.98B,25.95B,17.41B,0,1.299B,1.148B
CSX,2011-06,-747.00M,1.295B,1.083B,494.00M,0.46,0.46,0,32.78B,1.936B,2011-06,251.00M,506.00M,-133.00M,-133.00M,24.20B,7.34B,8.186B,926.00M,1.393B,792.00M,286.00M,3.019B,0,8.93B,28.70B,1.095B,2.967B,2.485B,19.76B,25.74B,17.28B,0,1.213B,1.112B
