Ticker,Date,Accrued Comprehensive Inc,Cash and Short Term Investments,Cost of Goods Sold,Current Debt & Capital Lease Obligation,Current Deferred Liabilities,EPS Basic,EPS Diluted,Goodwill and Intangibles,Gross PP&E,Gross Profit,Income (Quarterly),Net Income,Net Non-Operating Interest Income Expense,Net Operating Interest Income,Net PP&E,Non-Current Deferred Liabilities,Non-Current Portion of LTD and Capital Lease Obligation,Operating Income,Payables and Accrued Expenses,Pre-Tax Income,Provision for Income Taxes,Revenue,SG&A Expense,Shareholders Equity,Total Assets,Total Capital Stock,Total Current Assets,Total Current Liabilities,Total Liabilities,Total Long Term Assets,Total Long Term Liabilities,Total Operating Expenses,Total Payables,Total Receivables
CTSH,2020-12,110.00M,2.724B,2.662B,249.00M,383.00M,0.59,0.59,6.077B,4.586B,1.522B,2020-12,316.00M,11.00M,11.00M,2.264B,242.00M,1.509B,503.00M,1.30B,467.00M,152.00M,4.184B,874.00M,10.84B,16.92B,5.00M,6.851B,3.54B,6.087B,10.07B,2.547B,1.019B,423.00M,3.087B
CTSH,2020-09,-40.00M,4.575B,2.647B,251.00M,285.00M,0.64,0.64,6.018B,2.317B,1.596B,2020-09,348.00M,21.00M,21.00M,2.317B,342.00M,3.232B,654.00M,1.355B,624.00M,276.00M,4.243B,804.00M,11.14B,18.79B,5.00M,8.619B,3.296B,7.647B,10.17B,4.351B,942.00M,542.00M,3.118B
CTSH,2020-06,-188.00M,4.582B,2.615B,244.00M,319.00M,0.67,0.67,5.417B,2.347B,1.385B,2020-06,361.00M,28.00M,28.00M,2.347B,74.00M,3.223B,538.00M,1.508B,495.00M,134.00M,4.00B,711.00M,10.97B,18.22B,5.00M,8.531B,3.212B,7.244B,9.685B,4.032B,847.00M,689.00M,3.208B
CTSH,2020-03,-264.00M,4.282B,2.747B,235.00M,354.00M,0.67,0.67,5.019B,2.249B,1.478B,2020-03,367.00M,35.00M,35.00M,2.249B,73.00M,3.164B,634.00M,1.289B,510.00M,142.00M,4.225B,711.00M,10.61B,17.43B,5.00M,8.325B,2.872B,6.816B,9.104B,3.944B,844.00M,486.00M,3.22B
CTSH,2019-12,-38.00M,3.424B,2.749B,240.00M,313.00M,0.72,0.72,5.02B,4.277B,1.535B,2019-12,395.00M,34.00M,34.00M,2.235B,58.00M,1.445B,727.00M,1.183B,626.00M,174.00M,4.284B,676.00M,11.02B,16.20B,5.00M,7.611B,2.983B,5.182B,8.593B,2.199B,808.00M,391.00M,3.256B
CTSH,2019-09,-159.00M,3.077B,2.681B,233.00M,265.00M,0.9,0.9,4.886B,2.223B,1.567B,2019-09,497.00M,36.00M,36.00M,2.223B,128.00M,1.443B,734.00M,1.247B,658.00M,160.00M,4.248B,706.00M,10.70B,15.84B,6.00M,7.391B,2.919B,5.142B,8.453B,2.223B,833.00M,357.00M,3.438B
CTSH,2019-06,-70.00M,3.003B,2.629B,229.00M,285.00M,0.9,0.9,4.812B,2.184B,1.512B,2019-06,509.00M,39.00M,39.00M,2.184B,107.00M,1.397B,668.00M,1.232B,676.00M,167.00M,4.141B,719.00M,10.56B,15.52B,6.00M,7.206B,2.824B,4.96B,8.311B,2.136B,844.00M,362.00M,3.386B
CTSH,2019-03,-74.00M,3.668B,2.575B,203.00M,340.00M,0.77,0.77,4.823B,2.123B,1.535B,2019-03,441.00M,41.00M,41.00M,2.123B,241.00M,1.378B,541.00M,1.23B,583.00M,142.00M,4.11B,871.00M,11.14B,16.10B,6.00M,7.883B,2.72B,4.96B,8.213B,2.24B,994.00M,392.00M,3.377B
CTSH,2018-12,-114.00M,4.511B,2.54B,9.00M,286.00M,1.12,1.12,4.631B,3.184B,1.589B,2018-12,648.00M,41.00M,41.00M,1.394B,245.00M,736.00M,712.00M,1.174B,815.00M,168.00M,4.129B,757.00M,11.42B,15.85B,6.00M,8.61B,2.71B,4.422B,7.236B,1.712B,877.00M,377.00M,3.19B
CTSH,2018-09,-188.00M,4.763B,2.48B,100.00M,244.00M,0.82,0.82,4.058B,0,1.598B,2018-09,477.00M,41.00M,41.00M,1.362B,229.00M,624.00M,745.00M,1.229B,662.00M,185.00M,4.078B,734.00M,10.98B,15.27B,6.00M,8.727B,2.693B,4.296B,6.547B,1.603B,853.00M,381.00M,3.187B
CTSH,2018-06,-94.00M,4.247B,2.417B,100.00M,308.00M,0.78,0.78,4.096B,2.84B,1.589B,2018-06,456.00M,33.00M,33.00M,1.345B,222.00M,649.00M,670.00M,1.183B,623.00M,168.00M,4.006B,805.00M,10.65B,14.81B,6.00M,8.303B,2.537B,4.158B,6.503B,1.621B,919.00M,391.00M,3.204B
CTSH,2018-03,63.00M,4.83B,2.401B,100.00M,360.00M,0.89,0.88,3.668B,2.624B,1.511B,2018-03,520.00M,35.00M,35.00M,1.333B,183.00M,673.00M,693.00M,1.159B,697.00M,177.00M,3.912B,711.00M,10.99B,15.04B,6.00M,8.99B,2.469B,4.057B,6.055B,1.588B,818.00M,367.00M,3.145B
CTSH,2017-12,70.00M,5.056B,2.36B,175.00M,383.00M,-0.03,-0.03,3.685B,2.579B,1.468B,2017-12,-18.00M,31.00M,31.00M,1.324B,250.00M,698.00M,729.00M,1.004B,713.00M,732.00M,3.828B,628.00M,10.67B,15.22B,6.00M,9.111B,2.839B,4.552B,6.11B,1.713B,739.00M,258.00M,3.222B
CTSH,2017-09,44.00M,4.713B,2.337B,100.00M,333.00M,0.84,0.84,3.565B,2.479B,1.429B,2017-09,495.00M,28.00M,28.00M,1.304B,119.00M,723.00M,648.00M,903.00M,658.00M,164.00M,3.766B,674.00M,10.98B,14.58B,6.00M,8.557B,2.60B,3.601B,6.023B,1.001B,781.00M,209.00M,3.292B
CTSH,2017-06,33.00M,4.378B,2.261B,244.00M,337.00M,0.8,0.8,3.47B,2.406B,1.409B,2017-06,470.00M,25.00M,25.00M,1.284B,138.00M,747.00M,606.00M,802.00M,635.00M,165.00M,3.67B,709.00M,10.48B,13.94B,6.00M,8.099B,2.415B,3.455B,5.839B,1.04B,803.00M,194.00M,3.089B
CTSH,2017-03,-17.00M,4.274B,2.194B,437.00M,397.00M,0.92,0.92,3.486B,0,1.352B,2017-03,557.00M,26.00M,26.00M,1.306B,134.00M,772.00M,570.00M,881.00M,649.00M,92.00M,3.546B,686.00M,9.983B,13.63B,6.00M,7.842B,2.585B,3.646B,5.787B,1.061B,782.00M,201.00M,3.039B
CTSH,2016-12,-114.00M,5.169B,2.078B,81.00M,306.00M,0.69,0.68,3.505B,0,1.384B,2016-12,416.00M,25.00M,25.00M,1.311B,157.00M,797.00M,561.00M,893.00M,560.00M,144.00M,3.462B,730.00M,10.73B,14.26B,6.00M,8.60B,2.418B,3.534B,5.662B,1.116B,823.00M,185.00M,2.905B
CTSH,2016-09,-56.20M,4.859B,2.077B,75.00M,281.70M,0.73,0.73,3.419B,0,1.376B,2016-09,444.00M,22.00M,22.00M,1.323B,162.00M,821.60M,583.00M,822.80M,613.00M,170.00M,3.453B,701.00M,10.29B,13.72B,6.10M,8.200B,2.301B,3.424B,5.517B,1.124B,793.00M,186.20M,2.916B
CTSH,2016-06,-95.70M,4.481B,2.038B,68.80M,321.70M,0.42,0.41,3.419B,0,1.332B,2016-06,252.00M,23.00M,23.00M,1.287B,178.60M,840.00M,591.00M,768.10M,595.00M,343.00M,3.37B,654.00M,9.863B,13.14B,6.10M,7.759B,2.12B,3.277B,5.381B,1.157B,741.00M,199.10M,2.878B
CTSH,2016-03,-61.60M,4.452B,1.915B,162.50M,349.60M,0.73,0.72,3.324B,0,1.287B,2016-03,441.00M,26.00M,26.00M,1.27B,76.70M,858.40M,554.00M,723.00M,589.00M,148.00M,3.202B,646.00M,9.612B,12.74B,6.10M,7.571B,2.050B,3.124B,5.165B,1.073B,733.00M,224.80M,2.751B
CTSH,2015-12,-106.00M,4.949B,1.933B,406.00M,324.00M,0.7,0.69,3.269B,2.35B,1.299B,2015-12,423.80M,23.10M,23.10M,1.271B,52.00M,877.00M,553.40M,701.00M,561.60M,137.80M,3.232B,659.10M,9.278B,13.06B,6.00M,7.909B,2.714B,3.783B,5.152B,1.069B,745.70M,182.00M,2.622B
CTSH,2015-09,-113.30M,4.051B,1.935B,50.00M,262.70M,0.65,0.65,3.285B,2.292B,1.252B,2015-09,397.20M,16.40M,16.40M,1.279B,283.00M,900.00M,542.80M,731.60M,543.00M,145.80M,3.187B,627.10M,8.827B,12.27B,6.10M,7.238B,2.128B,3.441B,5.030B,1.312B,709.60M,223.50M,2.557B
CTSH,2015-06,-90.50M,3.566B,1.845B,150.00M,288.80M,0.69,0.68,3.311B,2.235B,1.240B,2015-06,420.10M,13.50M,13.50M,1.277B,283.90M,912.50M,545.50M,689.60M,548.80M,128.70M,3.085B,612.00M,8.541B,11.80B,6.10M,6.771B,1.956B,3.257B,5.026B,1.300B,694.80M,202.20M,2.549B
CTSH,2015-03,-119.30M,3.350B,1.727B,150.00M,330.90M,0.63,0.62,3.332B,2.163B,1.184B,2015-03,382.90M,13.00M,13.00M,1.268B,284.60M,925.00M,500.30M,713.90M,510.60M,127.70M,2.911B,610.80M,8.178B,11.38B,6.10M,6.406B,1.884B,3.205B,4.977B,1.321B,683.90M,211.50M,2.448B
CTSH,2014-12,-123.10M,3.775B,1.639B,700.00M,224.10M,0.6,0.59,3.367B,2.099B,1.103B,2014-12,362.60M,14.50M,14.50M,1.247B,92.80M,937.50M,479.50M,663.90M,485.20M,122.60M,2.742B,562.60M,7.740B,11.48B,6.10M,6.421B,2.592B,3.739B,5.058B,1.147B,623.70M,169.50M,2.293B
CTSH,2014-09,-123.66M,4.618B,1.570B,0,169.38M,0.58,0.58,547.47M,1.909B,1.011B,2014-09,355.60M,16.90M,16.90M,1.101B,18.04M,0,457.50M,629.40M,463.70M,108.10M,2.581B,506.00M,7.382B,9.227B,6.089M,7.260B,1.741B,1.845B,1.967B,103.87M,553.70M,145.16M,2.147B
CTSH,2014-06,-111.46M,4.129B,1.500B,0,179.66M,0.61,0.61,570.49M,1.855B,1.018B,2014-06,371.90M,14.10M,14.10M,1.086B,19.86M,0,488.00M,530.29M,501.80M,129.90M,2.517B,482.90M,6.991B,8.687B,6.079M,6.741B,1.568B,1.696B,1.947B,128.80M,529.60M,137.97M,2.121B
CTSH,2014-03,-167.28M,3.865B,1.432B,0,166.50M,0.57,0.57,569.92M,1.831B,989.90M,2014-03,348.90M,13.50M,13.50M,1.091B,20.28M,0,460.00M,591.24M,473.20M,124.30M,2.422B,485.40M,6.623B,8.279B,6.084M,6.291B,1.503B,1.656B,1.989B,153.48M,529.90M,207.61M,1.971B
CTSH,2013-12,-276.26M,3.747B,1.411B,0,182.89M,0.535,0.53,575.51M,1.800B,944.31M,2013-12,324.35M,11.88M,11.88M,1.081B,21.17M,0,447.83M,505.04M,451.12M,126.77M,2.355B,450.49M,6.136B,8.135B,6.077M,6.148B,1.775B,1.999B,1.987B,224.42M,496.48M,137.71M,1.875B
CTSH,2013-09,-375.09M,3.361B,1.382B,0,142.02M,0.53,0.53,536.10M,1.692B,923.39M,2013-09,319.63M,10.70M,10.70M,1.012B,14.79M,0,437.36M,477.92M,439.20M,119.57M,2.306B,443.38M,5.648B,7.617B,3.024M,5.739B,1.602B,1.969B,1.878B,366.84M,486.03M,149.21M,1.891B
CTSH,2013-06,-324.60M,2.901B,1.272B,0,134.68M,0.5,0.49,534.64M,1.664B,889.23M,2013-06,300.41M,13.08M,13.08M,1.018B,14.55M,0,426.80M,454.10M,420.40M,119.99M,2.161B,420.53M,5.324B,7.012B,3.013M,5.134B,1.357B,1.689B,1.878B,331.28M,462.42M,129.10M,1.785B
CTSH,2013-03,-208.43M,2.744B,1.200B,0,138.75M,0.47,0.47,529.85M,1.618B,820.77M,2013-03,284.21M,13.25M,13.25M,1.008B,14.84M,0,365.91M,459.80M,377.18M,92.97M,2.021B,413.20M,5.216B,6.709B,3.025M,4.837B,1.226B,1.493B,1.873B,267.52M,454.87M,161.78M,1.702B
CTSH,2012-12,-239.68M,2.864B,1.151B,0,150.15M,0.465,0.46,396.66M,1.545B,797.28M,2012-12,278.78M,11.42M,11.42M,971.49M,2.777M,0,356.25M,434.44M,365.84M,87.06M,1.948B,401.75M,4.854B,6.522B,3.017M,4.814B,1.377B,1.667B,1.707B,289.86M,441.03M,138.28M,1.529B
CTSH,2012-09,-190.04M,2.632B,1.112B,0,117.20M,0.465,0.455,388.99M,1.430B,779.79M,2012-09,276.90M,12.04M,12.04M,878.56M,4.593M,0,355.39M,413.37M,364.38M,87.48M,1.892B,384.95M,4.572B,6.107B,2.999M,4.542B,1.276B,1.535B,1.566B,259.08M,424.40M,158.33M,1.577B
CTSH,2012-06,-396.74M,2.346B,1.031B,0,107.35M,0.415,0.41,375.74M,1.353B,764.33M,2012-06,251.93M,9.984M,9.984M,837.68M,3.073M,0,331.96M,366.48M,335.09M,83.16M,1.795B,396.77M,4.092B,5.654B,2.993M,4.152B,1.151B,1.562B,1.502B,410.79M,432.37M,137.78M,1.504B
CTSH,2012-03,-193.33M,2.491B,984.52M,0,108.60M,0.4,0.395,383.32M,1.268B,726.83M,2012-03,243.65M,11.07M,11.07M,784.98M,2.978M,0,317.90M,379.73M,322.28M,78.63M,1.711B,374.18M,4.367B,5.668B,3.044M,4.197B,1.021B,1.301B,1.471B,279.63M,408.93M,157.84M,1.421B
CTSH,2011-12,-325.39M,2.432B,970.69M,0,105.79M,0.395,0.39,386.39M,1.214B,693.02M,2011-12,240.13M,10.87M,10.87M,758.03M,3.339M,0,308.14M,344.54M,323.08M,82.95M,1.664B,352.46M,3.953B,5.508B,3.031M,4.086B,1.210B,1.555B,1.422B,345.34M,384.88M,99.88M,1.319B
CTSH,2011-09,-50.68M,2.291B,924.89M,0,87.89M,0.375,0.365,391.62M,1.094B,676.07M,2011-09,227.12M,9.97M,9.97M,664.61M,3.605M,0,293.00M,952.84M,287.96M,60.84M,1.601B,353.16M,3.940B,5.104B,3.021M,3.812B,1.041B,1.165B,1.292B,123.86M,383.07M,78.18M,1.268B
CTSH,2011-06,76.64M,2.269B,860.87M,0,85.76M,0.34,0.335,311.99M,1.017B,624.37M,2011-06,208.04M,9.474M,9.474M,614.49M,3.558M,0,269.96M,310.23M,277.60M,69.56M,1.485B,326.72M,3.952B,4.917B,3.036M,3.758B,887.35M,964.85M,1.159B,77.50M,354.41M,119.05M,1.228B
CTSH,2011-03,39.95M,2.168B,782.18M,0,82.02M,0.345,0.335,305.80M,978.75M,589.08M,2011-03,208.33M,8.937M,8.937M,601.70M,3.87M,0,265.36M,719.69M,280.50M,72.17M,1.371B,296.33M,3.764B,4.638B,3.042M,3.536B,801.71M,873.68M,1.102B,71.97M,323.71M,117.60M,1.123B
