Ticker,Date,Accrued Comprehensive Inc,Cash and Short Term Investments,Cost of Goods Sold,Current Debt & Capital Lease Obligation,Current Deferred Liabilities,EPS Basic,EPS Diluted,Goodwill and Intangibles,Gross PP&E,Gross Profit,Income (Quarterly),Inventories,Net Income,Net Non-Operating Interest Income Expense,Net Operating Interest Income,Net PP&E,Non-Current Deferred Liabilities,Non-Current Portion of LTD and Capital Lease Obligation,Operating Income,Payables and Accrued Expenses,Pre-Tax Income,Provision for Income Taxes,Research and Development Expense,Revenue,SG&A Expense,Shareholders Equity,Total Assets,Total Capital Stock,Total Current Assets,Total Current Liabilities,Total Liabilities,Total Long Term Assets,Total Long Term Liabilities,Total Operating Expenses,Total Payables,Total Receivables
CTXS,2020-12,-3.649M,877.01M,133.44M,1.163B,1.510B,0.91,0.9,1.880B,1.258B,676.21M,2020-12,20.09M,112.09M,-15.94M,-15.94M,395.94M,392.36M,1.928B,135.28M,449.84M,119.15M,7.057M,132.52M,809.66M,407.71M,112.14M,4.890B,0.322M,1.991B,2.152B,4.778B,2.899B,2.626B,540.93M,135.03M,858.01M
CTXS,2020-09,-4.327M,924.78M,127.29M,1.155B,1.314B,0.8,0.78,1.886B,399.88M,639.88M,2020-09,15.89M,98.23M,-16.15M,-16.15M,399.88M,378.42M,1.927B,128.30M,606.94M,116.00M,17.77M,130.63M,767.17M,380.25M,68.80M,4.609B,0.322M,1.739B,1.921B,4.540B,2.870B,2.619B,511.58M,202.71M,564.78M
CTXS,2020-06,-6.465M,867.67M,122.24M,1.416B,1.378B,0.91,0.9,1.892B,412.44M,676.69M,2020-06,17.77M,112.91M,-16.49M,-16.49M,412.44M,409.61M,1.930B,153.20M,614.51M,129.10M,16.19M,140.48M,798.93M,382.32M,-93.60M,4.548B,0.321M,1.686B,1.993B,4.642B,2.862B,2.649B,523.49M,234.36M,614.15M
CTXS,2020-03,-7.81M,550.52M,115.58M,0,1.340B,1.45,1.42,1.900B,430.07M,745.37M,2020-03,17.32M,181.22M,-13.01M,-13.01M,430.07M,414.35M,1.932B,204.00M,533.59M,190.64M,9.417M,134.46M,860.94M,406.21M,-218.93M,4.331B,0.32M,1.461B,1.874B,4.550B,2.870B,2.676B,541.37M,171.21M,700.03M
CTXS,2019-12,-5.127M,588.82M,119.18M,0,1.352B,1.59,1.56,1.907B,1.244B,690.65M,2019-12,15.90M,207.11M,-6.743M,-6.743M,438.05M,443.46M,952.31M,191.59M,336.49M,175.96M,-31.15M,128.16M,809.82M,366.68M,837.66M,4.389B,0.319M,1.513B,1.829B,3.551B,2.876B,1.723B,499.06M,144.57M,720.36M
CTXS,2019-09,-6.482M,549.21M,126.92M,0,1.200B,2.08,2.04,1.917B,455.41M,605.98M,2019-09,18.52M,270.86M,-6.173M,-6.173M,455.41M,415.08M,963.74M,119.71M,413.19M,108.11M,-162.74M,126.42M,732.90M,354.92M,712.91M,4.031B,0.318M,1.194B,1.614B,3.318B,2.837B,1.704B,486.27M,118.27M,426.84M
CTXS,2019-06,-4.61M,563.14M,110.48M,0,1.289B,0.71,0.7,1.945B,436.40M,638.22M,2019-06,22.89M,93.50M,-6.419M,-6.419M,436.40M,455.80M,942.57M,121.39M,392.62M,107.24M,13.75M,134.03M,748.70M,379.59M,508.02M,3.935B,0.317M,1.272B,1.682B,3.427B,2.663B,1.746B,516.82M,108.23M,530.10M
CTXS,2019-03,-5.483M,1.786B,107.47M,0,1.303B,0.84,0.78,1.958B,435.08M,611.67M,2019-03,23.14M,110.35M,-8.359M,-8.359M,435.08M,453.51M,945.68M,125.68M,376.36M,118.18M,7.836M,130.26M,719.14M,352.20M,556.04M,5.167B,0.312M,2.453B,2.843B,4.611B,2.714B,1.769B,485.99M,83.70M,482.65M
CTXS,2018-12,-8.154M,1.202B,112.85M,0,1.345B,1.24,1.15,1.970B,984.98M,689.02M,2018-12,21.90M,165.72M,-8.321M,-8.321M,243.40M,489.33M,741.82M,206.06M,213.60M,187.62M,21.91M,116.93M,801.87M,361.92M,559.63M,5.136B,0.31M,2.087B,2.911B,4.576B,3.049B,1.665B,482.96M,119.96M,688.42M
CTXS,2018-09,-18.29M,1.834B,103.92M,0,1.212B,1.18,1.08,1.790B,0,628.56M,2018-09,21.39M,158.86M,-9.066M,-9.066M,247.54M,467.72M,741.55M,164.29M,394.91M,159.42M,0.558M,111.56M,732.48M,348.65M,772.51M,5.437B,0.308M,2.498B,3.023B,4.664B,2.939B,1.641B,464.27M,101.03M,413.51M
CTXS,2018-06,-18.72M,1.509B,108.75M,1.406B,1.243B,0.79,0.73,1.804B,928.82M,633.62M,2018-06,20.28M,106.83M,-11.14M,-11.14M,246.02M,480.94M,741.28M,152.58M,365.07M,131.47M,24.64M,112.94M,742.36M,364.07M,664.26M,5.366B,0.308M,2.266B,3.014B,4.702B,3.100B,1.688B,481.03M,87.79M,528.39M
CTXS,2018-03,-14.87M,1.465B,108.29M,40.00M,1.204B,1.04,0.99,1.818B,864.39M,588.91M,2018-03,13.57M,144.26M,-11.60M,-11.60M,249.70M,480.98M,2.137B,171.75M,317.46M,150.95M,6.687M,98.55M,697.19M,314.94M,523.38M,5.137B,0.308M,2.075B,1.522B,4.614B,3.062B,3.092B,417.16M,73.52M,427.89M
CTXS,2017-12,-10.81M,1.748B,121.94M,30.00M,1.308B,-1.93,-1.93,1.756B,0,655.92M,2017-12,13.91M,-283.89M,-7.56M,-7.56M,252.93M,555.77M,2.127B,243.40M,217.56M,182.12M,466.01M,99.32M,777.86M,307.08M,992.46M,5.820B,0.306M,2.621B,1.687B,4.828B,3.199B,3.141B,412.52M,100.93M,712.54M
CTXS,2017-09,-8.667M,1.504B,105.94M,100.00M,1.173B,0.84,0.82,1.785B,0,584.99M,2017-09,14.89M,126.72M,-3.853M,-3.853M,254.30M,505.72M,1.377B,145.26M,285.30M,133.84M,7.121M,107.11M,690.92M,328.88M,1.996B,5.499B,0.305M,2.152B,1.499B,3.504B,3.348B,2.005B,439.72M,60.26M,464.80M
CTXS,2017-06,-8.779M,1.356B,109.31M,1.348B,1.206B,0.72,0.7,1.805B,0,583.92M,2017-06,13.23M,108.83M,-6.447M,-6.447M,252.92M,510.21M,1.367B,124.08M,310.80M,114.35M,5.524M,106.70M,693.23M,349.45M,1.882B,5.431B,0.305M,2.086B,1.546B,3.549B,3.344B,2.003B,459.83M,69.99M,541.32M
CTXS,2017-03,-10.93M,1.414B,102.46M,1.339B,1.170B,0.18,0.17,1.816B,0,560.22M,2017-03,15.21M,27.62M,-5.941M,-5.941M,260.15M,493.86M,1.358B,130.63M,347.28M,120.03M,49.70M,102.67M,662.68M,323.27M,1.734B,5.361B,0.305M,2.085B,1.631B,3.627B,3.275B,1.996B,429.59M,92.26M,485.77M
CTXS,2016-12,-28.70M,1.563B,99.72M,0,1.208B,1.279,1.26,1.760B,0,634.87M,2016-12,12.52M,199.85M,-6.766M,-6.766M,261.95M,476.14M,1.329B,208.43M,225.63M,192.23M,13.65M,90.75M,734.58M,332.06M,2.688B,6.390B,0.303M,2.561B,3.098B,3.702B,3.829B,603.66M,426.44M,112.50M,681.21M
CTXS,2016-09,-22.84M,1.663B,98.17M,0,1.194B,0.85,0.84,2.212B,0,570.56M,2016-09,14.81M,131.90M,-7.061M,-7.061M,352.52M,418.17M,1.320B,140.80M,416.94M,122.06M,10.32M,101.74M,668.74M,324.11M,2.440B,5.923B,0.302M,2.272B,2.950B,3.483B,3.650B,533.10M,429.76M,137.00M,475.08M
CTXS,2016-06,-21.90M,1.351B,107.19M,0,1.211B,0.78,0.77,2.223B,0,566.80M,2016-06,11.51M,120.90M,-7.032M,-7.032M,365.80M,425.98M,0,137.52M,415.58M,126.64M,20.35M,100.65M,673.99M,324.80M,2.242B,5.714B,0.301M,2.002B,1.627B,3.472B,3.712B,1.845B,429.28M,100.32M,504.42M
CTXS,2016-03,-21.06M,1.156B,99.81M,0,1.209B,0.54,0.54,2.244B,0,558.96M,2016-03,12.19M,83.46M,-7.404M,-7.404M,376.01M,412.58M,0,141.26M,414.83M,86.84M,13.59M,102.23M,658.77M,311.75M,2.068B,5.519B,0.301M,1.788B,1.624B,3.451B,3.731B,1.826B,417.70M,103.95M,450.00M
CTXS,2015-12,-28.53M,871.37M,62.43M,95.00M,1.250B,0.8534,0.84,2.246B,1.226B,212.89M,2015-12,10.52M,131.27M,-7.961M,-7.961M,373.82M,414.31M,1.311B,4.256M,246.93M,-35.10M,-62.14M,56.98M,275.32M,154.28M,1.973B,5.468B,0.299M,1.684B,1.681B,3.494B,3.784B,1.813B,208.64M,113.75M,669.28M
CTXS,2015-09,-29.46M,1.073B,146.25M,0,1.138B,0.35,0.35,2.323B,1.090B,667.02M,2015-09,10.86M,55.92M,-8.071M,-8.071M,371.10M,372.05M,1.317B,141.97M,409.71M,53.36M,-2.567M,139.13M,813.27M,373.39M,2.085B,5.405B,0.298M,1.737B,1.548B,3.321B,3.668B,1.773B,525.05M,145.87M,467.82M
CTXS,2015-06,-29.24M,872.49M,132.75M,0,1.176B,0.64,0.64,2.419B,936.26M,664.01M,2015-06,12.71M,103.28M,-8.16M,-8.16M,370.77M,363.41M,1.309B,136.68M,348.19M,110.73M,7.452M,140.20M,796.76M,376.13M,2.225B,5.502B,0.297M,1.589B,1.524B,3.277B,3.913B,1.753B,527.32M,85.68M,500.98M
CTXS,2015-03,-35.97M,983.32M,132.61M,0,1.175B,0.18,0.18,2.270B,0,628.20M,2015-03,12.02M,28.89M,-8.286M,-8.286M,373.38M,340.79M,1.301B,85.68M,363.71M,35.60M,6.71M,144.64M,760.80M,388.43M,2.100B,5.455B,0.296M,1.669B,1.634B,3.354B,3.786B,1.720B,542.51M,87.88M,438.18M
CTXS,2014-12,-36.79M,789.41M,174.65M,0,1.200B,0.5923,0.58,2.188B,0,676.83M,2014-12,12.62M,95.23M,-8.015M,-8.015M,367.78M,357.77M,1.293B,126.87M,231.87M,107.70M,12.47M,141.95M,851.48M,401.29M,2.174B,5.512B,0.295M,1.688B,1.590B,3.338B,3.824B,1.748B,549.96M,91.94M,674.40M
CTXS,2014-09,-20.50M,747.22M,135.98M,0,1.087B,0.29,0.29,2.197B,0,623.01M,2014-09,16.48M,47.53M,-8.14M,-8.14M,353.72M,316.10M,1.285B,61.72M,374.99M,48.22M,0.69M,137.88M,758.99M,413.46M,2.096B,5.231B,0.294M,1.445B,1.462B,3.135B,3.787B,1.673B,561.29M,88.30M,465.56M
CTXS,2014-06,1.752M,820.40M,175.26M,0,1.111B,0.31,0.31,2.236B,0,606.30M,2014-06,14.21M,53.02M,-4.843M,-4.843M,339.83M,319.24M,1.277B,58.93M,364.85M,51.03M,-1.996M,140.38M,781.56M,396.55M,2.104B,5.249B,0.293M,1.542B,1.476B,3.145B,3.708B,1.670B,547.37M,84.81M,506.41M
CTXS,2014-03,4.25M,829.28M,134.33M,0,1.093B,0.3,0.3,2.271B,0,616.49M,2014-03,12.54M,55.94M,2.087M,2.087M,336.74M,318.23M,0,81.54M,356.96M,68.76M,12.82M,133.62M,750.82M,388.88M,3.414B,5.269B,0.293M,1.539B,1.450B,1.855B,3.731B,405.92M,534.96M,85.12M,510.86M
CTXS,2013-12,4.951M,734.72M,136.71M,0,1.099B,0.7564,0.74,2.279B,0,665.71M,2013-12,14.11M,138.64M,2.106M,2.106M,339.00M,313.06M,0,160.85M,224.32M,162.02M,23.37M,126.50M,802.42M,368.01M,3.320B,5.212B,0.291M,1.563B,1.464B,1.892B,3.649B,428.38M,504.86M,107.77M,654.82M
CTXS,2013-09,-3.222M,694.67M,123.93M,0,1.002B,0.41,0.41,2.301B,0,588.80M,2013-09,11.98M,76.73M,2.038M,2.038M,337.02M,268.09M,0,87.37M,338.50M,90.80M,14.08M,127.05M,712.73M,364.00M,3.401B,5.124B,0.291M,1.329B,1.341B,1.723B,3.795B,382.59M,501.43M,94.12M,450.40M
CTXS,2013-06,-16.98M,700.15M,127.24M,0,1.008B,0.34,0.34,2.321B,782.75M,603.14M,2013-06,13.70M,64.46M,1.974M,1.974M,311.32M,263.48M,0,75.89M,342.74M,77.26M,12.80M,132.30M,730.38M,384.44M,3.276B,4.996B,0.289M,1.371B,1.351B,1.720B,3.625B,369.20M,527.26M,87.50M,493.67M
CTXS,2013-03,-18.24M,657.94M,114.91M,0,986.02M,0.32,0.32,2.353B,661.61M,557.98M,2013-03,11.23M,59.69M,1.962M,1.962M,302.38M,245.36M,0,56.61M,318.43M,57.80M,-1.884M,130.49M,672.90M,360.47M,3.194B,4.848B,0.289M,1.301B,1.304B,1.654B,3.547B,349.74M,501.38M,72.52M,450.94M
CTXS,2012-12,-7.705M,928.63M,117.37M,0,965.28M,0.6119,0.6,2.074B,0,622.63M,2012-12,10.72M,114.03M,1.875M,1.875M,303.29M,232.72M,0,145.42M,246.76M,149.24M,35.21M,122.21M,740.00M,345.95M,3.122B,4.796B,0.287M,1.714B,1.343B,1.675B,3.083B,331.75M,477.21M,120.46M,630.96M
CTXS,2012-09,-10.13M,683.05M,106.07M,0,862.90M,0.42,0.41,2.079B,0,535.35M,2012-09,10.96M,78.24M,2.059M,2.059M,295.93M,257.72M,0,82.42M,302.98M,90.90M,12.65M,114.71M,641.42M,328.39M,3.036B,4.489B,0.287M,1.320B,1.166B,1.453B,3.170B,287.24M,452.94M,68.21M,456.54M
CTXS,2012-06,-21.85M,1.298B,94.36M,0,846.29M,0.49,0.49,1.652B,0,520.85M,2012-06,6.659M,92.01M,2.828M,2.828M,283.54M,236.91M,0,82.19M,287.86M,85.54M,-6.461M,110.03M,615.21M,323.44M,2.930B,4.329B,0.285M,1.876B,1.134B,1.399B,2.453B,264.88M,438.66M,61.71M,404.21M
CTXS,2012-03,-4.421M,867.08M,86.34M,0,822.05M,0.37,0.36,1.594B,0,503.15M,2012-03,9.43M,68.27M,3.078M,3.078M,278.67M,160.84M,0,80.75M,349.81M,84.55M,16.28M,103.62M,589.50M,308.31M,2.778B,4.151B,0.284M,1.424B,1.172B,1.374B,2.727B,201.72M,422.40M,53.94M,389.81M
CTXS,2011-12,-11.56M,739.76M,82.10M,0,897.96M,0.585,0.58,1.582B,0,537.27M,2011-12,8.507M,108.70M,3.068M,3.068M,277.43M,141.24M,0,135.81M,174.70M,138.55M,29.85M,102.08M,619.37M,294.86M,2.730B,4.100B,0.283M,1.373B,1.179B,1.369B,2.727B,189.92M,401.45M,66.33M,484.43M
CTXS,2011-09,-5.011M,775.05M,79.69M,0,710.38M,0.49,0.49,1.439B,0,485.66M,2011-09,7.024M,92.18M,3.085M,3.085M,277.95M,123.29M,0,104.68M,340.36M,102.82M,10.64M,96.68M,565.35M,279.87M,2.660B,3.883B,0.282M,1.312B,1.051B,1.223B,2.571B,172.20M,380.98M,57.49M,339.49M
CTXS,2011-06,12.92M,898.42M,71.83M,0,711.63M,0.44,0.43,1.231B,0,458.96M,2011-06,7.332M,81.94M,3.727M,3.727M,272.68M,118.18M,0,95.59M,326.68M,100.68M,19.27M,91.37M,530.79M,268.06M,2.663B,3.870B,0.281M,1.453B,1.038B,1.206B,2.417B,167.90M,363.37M,61.06M,338.73M
CTXS,2011-03,10.93M,929.92M,59.98M,0,678.19M,0.39,0.38,1.239B,0,430.91M,2011-03,7.513M,73.50M,3.939M,3.939M,261.24M,110.57M,0,80.91M,295.88M,88.46M,15.11M,90.55M,490.89M,255.95M,2.612B,3.753B,0.28M,1.432B,974.06M,1.134B,2.321B,159.53M,350.00M,47.61M,297.19M
