Ticker,Date,Accrued Comprehensive Inc,Cash and Short Term Investments,Cost of Goods Sold,Current Debt & Capital Lease Obligation,EPS Basic,EPS Diluted,Goodwill and Intangibles,Gross PP&E,Gross Profit,Income (Quarterly),Inventories,Net Income,Net Non-Operating Interest Income Expense,Net Operating Interest Income,Net PP&E,Non-Current Deferred Liabilities,Non-Current Portion of LTD and Capital Lease Obligation,Operating Income,Payables and Accrued Expenses,Pre-Tax Income,Provision for Income Taxes,Revenue,SG&A Expense,Shareholders Equity,Total Assets,Total Capital Stock,Total Current Assets,Total Current Liabilities,Total Liabilities,Total Long Term Assets,Total Long Term Liabilities,Total Operating Expenses,Total Payables,Total Receivables
CVS,2020-12,1.414B,10.85B,57.60B,7.078B,0.74,0.74,110.69B,52.04B,11.96B,2020-12,18.50B,973.00M,-678.00M,-678.00M,33.34B,6.794B,77.96B,2.524B,49.11B,1.225B,241.00M,69.55B,0,69.39B,230.72B,46.51B,56.37B,62.02B,161.01B,174.35B,99.00B,9.433B,34.87B,21.74B
CVS,2020-09,1.255B,12.09B,55.34B,7.232B,0.93,0.93,111.28B,32.83B,11.72B,2020-09,17.48B,1.224B,-731.00M,-731.00M,32.83B,7.253B,80.04B,3.249B,49.32B,1.806B,587.00M,67.06B,0,68.81B,232.90B,46.39B,59.21B,62.04B,163.79B,173.69B,101.74B,8.471B,34.99B,23.82B
CVS,2020-06,1.213B,17.46B,51.99B,9.958B,2.27,2.26,112.28B,32.79B,13.35B,2020-06,16.52B,2.975B,-765.00M,-765.00M,32.79B,7.136B,82.09B,4.68B,48.46B,3.96B,974.00M,65.34B,0,68.02B,235.50B,46.28B,62.51B,63.69B,167.14B,172.99B,103.45B,8.668B,32.82B,22.52B
CVS,2020-03,687.00M,12.71B,54.73B,7.845B,1.54,1.53,112.72B,32.82B,12.02B,2020-03,16.98B,2.007B,-733.00M,-733.00M,32.82B,7.121B,84.47B,3.458B,46.83B,2.779B,767.00M,66.76B,0,65.14B,230.64B,46.18B,58.96B,59.56B,165.16B,171.68B,105.60B,8.563B,33.26B,23.04B
CVS,2019-12,1.019B,8.056B,55.20B,5.377B,1.34,1.33,112.87B,49.79B,11.69B,2019-12,17.52B,1.747B,-734.00M,-734.00M,32.90B,7.294B,83.62B,3.037B,43.10B,2.334B,590.00M,66.89B,0,63.86B,222.45B,45.97B,50.30B,53.30B,158.28B,172.15B,104.98B,8.654B,30.97B,19.62B
CVS,2019-09,950.00M,7.527B,53.29B,6.646B,1.17,1.17,113.20B,32.41B,11.52B,2019-09,16.03B,1.53B,-747.00M,-747.00M,32.41B,7.279B,83.03B,2.928B,41.17B,2.133B,604.00M,64.81B,0,62.61B,220.11B,45.85B,48.18B,52.54B,157.18B,171.93B,104.64B,8.595B,29.56B,19.79B
CVS,2019-06,684.00M,8.525B,52.06B,6.133B,1.49,1.49,113.65B,32.35B,11.37B,2019-06,15.51B,1.936B,-772.00M,-772.00M,32.35B,7.375B,85.79B,3.332B,38.55B,2.591B,660.00M,63.43B,0,61.28B,218.90B,45.72B,46.90B,49.38B,157.30B,172.00B,107.93B,8.042B,27.99B,18.17B
CVS,2019-03,433.00M,8.322B,50.71B,8.701B,1.09,1.09,114.22B,32.34B,10.94B,2019-03,15.45B,1.421B,-782.00M,-782.00M,32.34B,7.54B,86.85B,2.69B,37.26B,1.939B,512.00M,61.65B,0,59.69B,219.77B,45.62B,47.86B,50.63B,159.76B,171.91B,109.13B,8.25B,26.82B,19.51B
CVS,2018-12,102.00M,6.581B,44.76B,1.985B,-0.37,-0.37,115.20B,26.87B,9.665B,2018-12,16.45B,-419.00M,-733.00M,-733.00M,11.35B,7.677B,71.44B,3.052B,37.15B,102.00M,524.00M,54.42B,0,58.22B,196.46B,45.44B,45.24B,44.01B,137.91B,151.21B,93.90B,6.613B,26.44B,17.63B
CVS,2018-09,129.00M,41.69B,39.94B,2.139B,1.36,1.36,47.38B,0,7.549B,2018-09,14.82B,1.39B,-674.00M,-674.00M,10.42B,3.052B,60.75B,2.574B,27.32B,1.899B,509.00M,47.49B,0,36.62B,131.51B,17.00M,71.98B,29.46B,94.88B,59.52B,65.42B,4.975B,21.16B,14.84B
CVS,2018-06,141.00M,43.91B,39.51B,3.54B,-2.52,-2.52,47.54B,24.29B,7.415B,2018-06,14.92B,-2.563B,-689.00M,-689.00M,10.25B,3.054B,61.57B,2.548B,27.95B,-2.065B,497.00M,46.92B,0,35.61B,133.29B,17.00M,73.79B,31.49B,97.68B,59.50B,66.19B,4.867B,20.31B,14.16B
CVS,2018-03,172.00M,42.14B,38.83B,3.542B,0.98,0.98,51.50B,22.80B,6.909B,2018-03,14.82B,998.00M,-523.00M,-523.00M,10.14B,3.058B,61.55B,1.996B,26.71B,1.47B,472.00M,45.74B,0,38.67B,135.14B,17.00M,71.80B,30.25B,96.46B,63.34B,66.21B,4.913B,18.98B,13.96B
CVS,2017-12,-165.00M,1.807B,40.49B,4.821B,3.23,3.22,52.08B,0,7.914B,2017-12,15.30B,3.287B,-318.00M,-318.00M,10.29B,2.996B,22.18B,3.175B,25.80B,2.809B,-478.00M,48.41B,0,37.69B,95.13B,32.10B,31.23B,30.65B,57.44B,63.90B,26.79B,4.739B,19.22B,13.18B
CVS,2017-09,-147.00M,2.56B,39.06B,2.403B,1.26,1.26,51.47B,0,7.117B,2017-09,14.15B,1.285B,-245.00M,-245.00M,9.914B,4.442B,23.39B,2.499B,26.11B,2.062B,777.00M,46.18B,0,34.86B,92.85B,17.00M,29.92B,28.51B,57.98B,62.93B,29.47B,4.618B,17.71B,12.44B
CVS,2017-06,-306.00M,2.169B,38.76B,1.142B,1.07,1.07,51.48B,0,6.926B,2017-06,14.27B,1.098B,-247.00M,-247.00M,10.07B,4.21B,25.62B,2.252B,25.72B,1.863B,766.00M,45.68B,0,34.14B,92.52B,17.00M,29.40B,26.86B,58.38B,63.12B,31.52B,4.674B,17.58B,12.27B
CVS,2017-03,-296.00M,2.302B,37.94B,1.811B,0.92,0.92,51.65B,0,6.571B,2017-03,14.31B,952.00M,-252.00M,-252.00M,10.06B,4.214B,25.62B,1.793B,25.48B,1.534B,572.00M,44.51B,0,33.84B,92.67B,17.00M,29.46B,27.29B,58.83B,63.21B,31.54B,4.778B,16.80B,12.11B
CVS,2016-12,-305.00M,3.458B,38.41B,1.916B,1.6,1.59,51.76B,0,7.583B,2016-12,14.76B,1.707B,-262.00M,-262.00M,10.18B,4.214B,25.62B,3.02B,24.33B,2.753B,1.046B,45.99B,0,36.83B,94.46B,17.00M,31.04B,26.25B,57.63B,63.42B,31.38B,4.563B,17.40B,12.16B
CVS,2016-09,-319.00M,2.263B,37.12B,1.123B,1.44,1.43,51.78B,0,7.492B,2016-09,14.35B,1.54B,-253.00M,-253.00M,9.901B,4.254B,25.61B,2.824B,25.62B,2.463B,921.00M,44.62B,0,35.95B,94.16B,17.00M,30.94B,26.74B,58.20B,63.22B,31.46B,4.668B,16.76B,13.62B
CVS,2016-06,-317.00M,1.207B,36.71B,3.036B,0.86,0.86,51.83B,0,7.015B,2016-06,14.18B,924.00M,-280.00M,-280.00M,9.981B,4.26B,25.60B,2.357B,23.53B,1.528B,604.00M,43.72B,0,34.76B,92.75B,17.00M,29.45B,26.57B,57.98B,63.30B,31.41B,4.658B,16.29B,13.18B
CVS,2016-03,-339.00M,1.864B,36.47B,1.202B,1.04,1.04,51.86B,0,6.744B,2016-03,13.91B,1.146B,-283.00M,-283.00M,9.862B,4.232B,26.27B,2.185B,23.34B,1.893B,746.00M,43.22B,0,36.02B,92.63B,17.00M,29.41B,24.54B,56.60B,63.22B,32.07B,4.559B,15.89B,13.02B
CVS,2015-12,-358.00M,2.547B,33.84B,1.197B,1.35,1.34,51.98B,21.04B,7.301B,2015-12,14.00B,1.498B,-276.00M,-276.00M,9.855B,4.217B,26.27B,2.75B,21.97B,2.453B,953.00M,41.15B,0,37.20B,92.44B,17.00M,29.16B,23.17B,55.23B,63.28B,32.06B,4.551B,15.14B,11.89B
CVS,2015-09,-316.00M,3.011B,31.98B,451.00M,1.11,1.11,50.64B,18.79B,6.661B,2015-09,13.28B,1.246B,-261.00M,-261.00M,9.494B,5.449B,26.77B,2.331B,20.98B,2.07B,833.00M,38.64B,0,37.17B,92.36B,17.00M,30.75B,21.43B,55.18B,61.61B,33.75B,4.33B,14.35B,12.80B
CVS,2015-06,-255.00M,1.404B,30.77B,1.512B,1.13,1.12,37.80B,17.41B,6.402B,2015-06,12.38B,1.272B,-166.00M,-166.00M,9.019B,4.026B,11.63B,2.262B,18.87B,2.096B,824.00M,37.17B,0,37.13B,74.67B,17.00M,26.40B,20.39B,37.54B,48.27B,17.15B,4.14B,13.33B,10.89B
CVS,2015-03,-264.00M,1.634B,30.17B,1.073B,1.08,1.07,37.88B,0,6.164B,2015-03,12.23B,1.221B,-134.00M,-134.00M,8.871B,4.02B,11.69B,2.132B,18.64B,1.998B,777.00M,36.33B,0,36.99B,73.93B,17.00M,25.62B,19.71B,36.94B,48.31B,17.22B,4.032B,12.70B,10.16B
CVS,2014-12,-217.00M,2.515B,30.42B,1.26B,1.14,1.14,37.92B,0,6.633B,2014-12,11.93B,1.321B,-131.00M,-131.00M,8.843B,4.036B,11.63B,2.321B,17.77B,2.19B,868.00M,37.06B,0,37.96B,74.19B,17.00M,25.98B,19.03B,36.22B,48.20B,17.20B,4.312B,11.95B,9.687B
CVS,2014-09,-160.00M,1.21B,28.55B,1.347B,0.82,0.81,38.00B,0,6.468B,2014-09,11.61B,948.00M,-153.00M,-153.00M,8.694B,4.051B,11.71B,2.246B,16.87B,1.572B,624.00M,35.02B,0,38.10B,73.58B,17.00M,25.34B,18.21B,35.47B,48.24B,17.25B,4.222B,11.43B,10.83B
CVS,2014-06,-132.00M,1.712B,28.28B,1.119B,1.07,1.06,38.03B,0,6.324B,2014-06,11.36B,1.246B,-158.00M,-158.00M,8.82B,4.091B,12.25B,2.208B,15.51B,2.05B,804.00M,34.60B,0,38.13B,72.59B,17.00M,24.14B,16.63B,34.46B,48.46B,17.83B,4.116B,10.70B,9.533B
CVS,2014-03,-139.00M,2.848B,26.75B,565.00M,0.96,0.95,38.12B,0,5.942B,2014-03,11.19B,1.129B,-158.00M,-158.00M,8.676B,4.053B,12.84B,2.024B,15.65B,1.866B,737.00M,32.69B,0,38.21B,72.82B,17.00M,24.46B,16.21B,34.61B,48.36B,18.40B,3.918B,10.52B,9.086B
CVS,2013-12,-149.00M,4.177B,26.49B,561.00M,1.06,1.05,36.07B,0,6.339B,2013-12,11.04B,1.265B,-135.00M,-135.00M,8.615B,3.901B,12.84B,2.217B,14.86B,2.082B,816.00M,32.83B,0,37.94B,71.53B,17.00M,25.32B,15.42B,33.59B,46.20B,18.16B,4.122B,10.10B,8.729B
CVS,2013-09,-194.00M,1.613B,25.90B,1.386B,1.03,1.02,36.14B,0,6.027B,2013-09,10.82B,1.249B,-122.00M,-122.00M,8.749B,3.791B,8.819B,2.154B,13.71B,2.032B,777.00M,31.93B,0,38.53B,67.80B,17.00M,21.43B,15.10B,29.27B,46.37B,14.17B,3.873B,9.772B,8.035B
CVS,2013-06,-198.00M,1.179B,25.41B,18.00M,0.92,0.91,36.21B,16.31B,5.841B,2013-06,10.58B,1.124B,-126.00M,-126.00M,8.708B,3.796B,9.358B,1.972B,12.67B,1.846B,721.00M,31.25B,3.594B,38.91B,66.28B,17.00M,19.87B,12.69B,27.38B,46.42B,14.69B,3.869B,9.171B,7.093B
CVS,2013-03,-182.00M,1.556B,25.17B,312.00M,0.77,0.77,36.31B,15.40B,5.577B,2013-03,10.59B,954.00M,-126.00M,-126.00M,8.556B,3.774B,9.352B,1.694B,12.88B,1.568B,614.00M,30.75B,3.602B,38.21B,66.07B,17.00M,19.73B,13.20B,27.86B,46.34B,14.66B,3.883B,9.36B,6.635B
CVS,2012-12,-181.00M,1.38B,25.10B,695.00M,0.91,0.9,36.15B,0,6.279B,2012-12,11.03B,1.116B,-160.00M,-160.00M,8.632B,3.784B,9.133B,2.285B,13.46B,1.777B,661.00M,31.38B,3.437B,37.65B,66.22B,17.00M,20.16B,14.15B,28.57B,46.06B,14.42B,3.994B,9.044B,6.479B
CVS,2012-09,-170.00M,1.238B,24.58B,830.00M,0.8,0.79,36.22B,0,5.647B,2012-09,10.49B,1.006B,-134.00M,-134.00M,8.369B,3.894B,9.21B,1.814B,12.43B,1.68B,669.00M,30.23B,0,36.92B,64.80B,17.00M,18.88B,13.26B,27.88B,45.92B,14.62B,3.833B,8.815B,6.407B
CVS,2012-06,-171.00M,1.828B,25.26B,205.00M,0.76,0.75,36.32B,0,5.449B,2012-06,10.43B,966.00M,-132.00M,-132.00M,8.614B,3.894B,9.208B,1.708B,12.93B,1.576B,610.00M,30.71B,0,37.91B,65.59B,17.00M,19.30B,13.14B,27.68B,46.29B,14.54B,3.741B,8.551B,6.124B
CVS,2012-03,-171.00M,2.216B,25.68B,5.00M,0.6,0.59,36.23B,0,5.113B,2012-03,10.68B,776.00M,-132.00M,-132.00M,8.517B,3.875B,9.206B,1.404B,13.41B,1.272B,496.00M,30.80B,0,38.05B,66.01B,16.00M,19.89B,13.41B,27.95B,46.12B,14.54B,3.709B,8.901B,6.109B
CVS,2011-12,-172.00M,1.418B,22.74B,806.00M,0.81,0.8,36.33B,0,5.556B,2011-12,10.05B,1.065B,-147.00M,-147.00M,8.467B,3.853B,9.208B,1.958B,11.15B,1.811B,711.00M,28.30B,0,38.05B,64.54B,16.00M,18.59B,11.96B,26.49B,45.95B,14.54B,3.598B,7.857B,6.047B
CVS,2011-09,-152.00M,1.712B,21.50B,601.00M,0.65,0.65,36.45B,0,5.178B,2011-09,10.38B,868.00M,-155.00M,-155.00M,8.642B,3.868B,10.17B,1.584B,11.75B,1.429B,562.00M,26.67B,0,37.49B,65.25B,16.00M,18.94B,12.35B,27.73B,46.31B,15.38B,3.594B,7.49B,5.901B
CVS,2011-06,-153.00M,2.233B,21.33B,916.00M,0.6,0.6,36.72B,0,5.086B,2011-06,10.11B,816.00M,-148.00M,-148.00M,8.483B,3.948B,10.17B,1.484B,10.84B,1.336B,523.00M,26.41B,0,38.24B,65.49B,16.00M,19.06B,11.75B,27.21B,46.42B,15.46B,3.602B,7.507B,5.892B
CVS,2011-03,-143.00M,2.168B,20.95B,1.106B,0.52,0.52,35.36B,0,4.742B,2011-03,10.18B,713.00M,-135.00M,-135.00M,8.35B,3.71B,8.669B,1.305B,10.36B,1.171B,462.00M,25.70B,0,37.92B,62.83B,16.00M,18.38B,11.46B,24.88B,44.45B,13.41B,3.437B,7.13B,5.348B
