Ticker,Date,Accrued Comprehensive Inc,Cash and Short Term Investments,Cost of Goods Sold,Current Debt & Capital Lease Obligation,Current Deferred Liabilities,EPS Basic,EPS Diluted,Goodwill and Intangibles,Gross PP&E,Gross Profit,Income (Quarterly),Inventories,Net Income,Net Non-Operating Interest Income Expense,Net Operating Interest Income,Net PP&E,Non-Current Deferred Liabilities,Non-Current Portion of LTD and Capital Lease Obligation,Operating Income,Payables and Accrued Expenses,Pre-Tax Income,Provision for Income Taxes,Revenue,Shareholders Equity,Total Assets,Total Capital Stock,Total Current Assets,Total Current Liabilities,Total Liabilities,Total Long Term Assets,Total Long Term Liabilities,Total Operating Expenses,Total Payables,Total Receivables
D,2020-12,-1.717B,172.00M,1.795B,3.057B,0,0.8462,0.82,8.146B,82.96B,1.726B,2020-12,1.55B,682.00M,-241.00M,-241.00M,57.85B,5.953B,33.08B,937.00M,2.077B,1.021B,206.00M,3.521B,26.12B,95.90B,23.64B,6.886B,10.84B,69.44B,89.02B,58.60B,789.00M,944.00M,2.507B
D,2020-09,-2.016B,413.00M,1.631B,5.253B,0,0.41,0.41,7.395B,81.73B,1.976B,2020-09,1.565B,356.00M,-306.00M,-306.00M,56.79B,5.812B,32.26B,1.178B,1.884B,2.00M,-110.00M,3.607B,26.34B,104.54B,24.32B,19.83B,17.56B,76.47B,84.71B,58.91B,798.00M,738.00M,2.176B
D,2020-06,-1.98B,675.00M,1.585B,3.41B,0,-1.41,-1.41,8.946B,96.53B,2.00B,2020-06,1.735B,-1.169B,-449.00M,-449.00M,67.98B,5.921B,37.15B,1.071B,1.808B,-1.688B,-556.00M,3.585B,28.87B,103.73B,26.37B,6.124B,9.537B,72.84B,97.60B,63.31B,929.00M,797.00M,2.273B
D,2020-03,-2.018B,1.192B,2.14B,5.109B,0,-0.34,-0.34,8.946B,95.34B,2.356B,2020-03,1.677B,-270.00M,-490.00M,-490.00M,67.40B,6.158B,34.62B,1.399B,1.931B,-258.00M,-19.00M,4.496B,30.73B,104.13B,26.29B,6.536B,10.45B,71.37B,97.59B,60.93B,957.00M,842.00M,2.425B
D,2019-12,-1.793B,135.00M,2.055B,3.311B,0,1.311,1.311,8.08B,82.04B,1.84B,2019-12,1.616B,1.009B,-353.00M,-353.00M,57.20B,6.277B,28.90B,1.085B,2.307B,868.00M,48.00M,3.895B,31.99B,103.82B,26.21B,6.096B,9.94B,69.79B,97.73B,59.85B,755.00M,1.023B,2.425B
D,2019-09,-1.777B,378.00M,1.805B,7.244B,0,1.19,1.17,9.759B,96.58B,1.977B,2019-09,1.80B,975.00M,-370.00M,-370.00M,68.43B,6.198B,34.03B,1.189B,2.054B,863.00M,-84.00M,3.782B,29.29B,102.36B,23.73B,6.269B,12.19B,72.40B,96.09B,60.21B,788.00M,791.00M,2.335B
D,2019-06,-1.683B,382.00M,2.252B,4.911B,0,0.07,0.05,9.863B,95.34B,1.718B,2019-06,1.724B,54.00M,-452.00M,-452.00M,67.61B,6.185B,37.05B,773.00M,1.91B,101.00M,43.00M,3.97B,27.70B,100.82B,22.26B,5.727B,9.503B,72.44B,95.10B,62.94B,945.00M,787.00M,2.096B
D,2019-03,-1.731B,422.00M,2.562B,5.492B,0,-0.86,-0.86,9.847B,93.97B,1.296B,2019-03,1.657B,-680.00M,-469.00M,-469.00M,67.05B,6.108B,37.28B,353.00M,1.877B,-563.00M,114.00M,3.858B,26.91B,100.05B,20.83B,5.975B,9.776B,72.46B,94.08B,62.68B,943.00M,920.00M,2.439B
D,2018-12,-1.70B,268.00M,1.137B,4.031B,0,0.9413,0.9413,7.08B,76.58B,57.00M,2018-12,1.418B,641.00M,-226.00M,-226.00M,54.56B,5.116B,31.14B,-154.00M,1.75B,247.00M,37.00M,1.194B,20.11B,77.91B,12.59B,5.161B,7.647B,55.87B,72.75B,48.22B,211.00M,914.00M,2.08B
D,2018-09,-1.52B,310.00M,1.586B,6.036B,0,1.31,1.3,6.41B,76.19B,1.865B,2018-09,1.455B,854.00M,-378.00M,-378.00M,54.18B,5.079B,32.19B,1.162B,587.00M,1.145B,262.00M,3.451B,18.47B,79.08B,10.86B,5.702B,9.212B,58.66B,73.38B,49.44B,703.00M,587.00M,1.671B
D,2018-06,-1.538B,190.00M,1.583B,5.695B,0,0.69,0.69,6.405B,76.46B,1.505B,2018-06,1.429B,449.00M,-361.00M,-361.00M,54.60B,4.844B,32.12B,876.00M,660.00M,566.00M,88.00M,3.088B,18.06B,78.08B,10.78B,4.61B,8.918B,58.04B,73.46B,49.12B,629.00M,660.00M,1.643B
D,2018-03,-1.551B,189.00M,1.893B,6.316B,0,0.77,0.77,6.405B,75.63B,1.573B,2018-03,1.367B,503.00M,-314.00M,-314.00M,54.13B,4.719B,31.12B,876.00M,702.00M,661.00M,135.00M,3.466B,17.69B,77.35B,10.32B,4.281B,9.339B,57.31B,73.07B,47.97B,697.00M,702.00M,1.751B
D,2017-12,-659.00M,120.00M,1.756B,6.376B,0,2.247,2.247,7.09B,74.82B,1.454B,2017-12,1.477B,1.312B,-300.00M,-300.00M,53.76B,4.523B,30.95B,821.00M,1.723B,620.00M,-713.00M,3.21B,17.14B,76.58B,9.865B,4.334B,9.636B,57.22B,72.25B,47.58B,633.00M,875.00M,1.786B
D,2017-09,-628.00M,227.00M,1.38B,5.848B,0,1.03,1.03,6.405B,73.61B,1.799B,2017-09,1.527B,665.00M,-305.00M,-305.00M,52.81B,9.379B,30.89B,1.152B,1.60B,968.00M,272.00M,3.179B,16.28B,75.39B,9.789B,3.994B,8.559B,56.89B,71.40B,48.33B,647.00M,757.00M,1.504B
D,2017-06,-682.00M,260.00M,1.425B,6.883B,0,0.62,0.62,6.399B,72.16B,1.388B,2017-06,1.469B,390.00M,-308.00M,-308.00M,51.75B,9.099B,30.16B,753.00M,1.42B,553.00M,136.00M,2.813B,14.97B,73.90B,8.717B,3.911B,9.502B,56.70B,69.99B,47.20B,635.00M,695.00M,1.395B
D,2017-03,-735.00M,486.00M,1.647B,5.018B,0,1.01,1.01,6.399B,70.73B,1.737B,2017-03,1.453B,632.00M,-292.00M,-292.00M,50.72B,8.897B,31.10B,1.079B,1.503B,949.00M,275.00M,3.384B,14.92B,72.85B,8.629B,4.285B,7.842B,55.67B,68.57B,47.83B,658.00M,724.00M,1.57B
D,2016-12,-799.00M,261.00M,1.887B,4.864B,0,0.7277,0.7277,7.017B,69.56B,1.199B,2016-12,1.524B,457.00M,-295.00M,-295.00M,49.96B,8.602B,30.23B,604.00M,1.798B,585.00M,94.00M,3.086B,14.60B,71.61B,8.55B,4.248B,8.115B,54.77B,67.36B,46.66B,595.00M,1.00B,1.706B
D,2016-09,-471.00M,251.00M,1.442B,6.028B,0,1.1,1.1,6.405B,68.28B,1.69B,2016-09,1.516B,690.00M,-250.00M,-250.00M,48.89B,8.675B,28.71B,1.145B,1.485B,958.00M,230.00M,3.132B,14.96B,69.60B,8.592B,3.799B,9.027B,53.41B,65.80B,44.38B,545.00M,685.00M,1.392B
D,2016-06,-493.00M,377.00M,1.317B,4.785B,0,0.73,0.73,3.294B,60.49B,1.281B,2016-06,1.351B,452.00M,-239.00M,-239.00M,43.68B,7.666B,24.79B,781.00M,1.15B,614.00M,152.00M,2.598B,14.25B,61.37B,8.16B,4.143B,7.266B,45.92B,57.23B,38.65B,500.00M,589.00M,1.279B
D,2016-03,-463.00M,218.00M,1.524B,4.802B,0,0.88,0.88,3.294B,59.15B,1.397B,2016-03,1.304B,524.00M,-226.00M,-226.00M,42.62B,7.536B,24.19B,882.00M,1.253B,710.00M,179.00M,2.921B,12.88B,59.50B,6.778B,3.711B,7.518B,45.49B,55.79B,37.97B,515.00M,670.00M,1.328B
D,2015-12,-474.00M,607.00M,1.441B,5.334B,0,0.6,0.6,3.864B,57.78B,1.115B,2015-12,1.348B,357.00M,-230.00M,-230.00M,41.55B,7.414B,23.47B,638.00M,1.241B,477.00M,111.00M,2.556B,12.66B,58.65B,6.68B,4.189B,8.119B,45.05B,54.46B,36.93B,477.00M,726.00M,1.369B
D,2015-09,-501.00M,238.00M,1.36B,4.083B,0,1,1,3.294B,55.85B,1.611B,2015-09,1.31B,593.00M,-230.00M,-230.00M,39.78B,7.551B,23.24B,1.123B,1.258B,904.00M,305.00M,2.971B,12.59B,56.60B,6.606B,4.123B,6.746B,43.32B,52.48B,36.58B,488.00M,705.00M,1.433B
D,2015-06,-386.00M,271.00M,1.501B,3.932B,0,0.7,0.7,3.294B,54.45B,1.246B,2015-06,1.26B,413.00M,-221.00M,-221.00M,38.67B,7.573B,23.05B,773.00M,1.369B,608.00M,190.00M,2.747B,12.42B,55.94B,6.53B,4.452B,6.736B,43.09B,51.49B,36.35B,473.00M,842.00M,1.44B
D,2015-03,-409.00M,275.00M,1.899B,5.022B,0,0.91,0.91,3.294B,52.72B,1.51B,2015-03,1.227B,536.00M,-223.00M,-223.00M,37.23B,7.577B,21.35B,1.002B,945.00M,839.00M,299.00M,3.409B,12.01B,55.16B,6.17B,5.053B,8.021B,42.74B,50.10B,34.72B,508.00M,945.00M,1.702B
D,2014-12,-416.00M,318.00M,1.865B,4.15B,0,0.42,0.41,3.614B,51.41B,1.078B,2014-12,1.41B,243.00M,-498.00M,-498.00M,36.27B,7.444B,21.80B,638.00M,1.518B,224.00M,-25.00M,2.943B,11.56B,54.33B,5.876B,5.615B,7.198B,42.37B,48.71B,35.17B,440.00M,952.00M,1.633B
D,2014-09,-417.00M,218.00M,1.652B,4.22B,0,0.91,0.9,3.044B,49.93B,1.398B,2014-09,1.385B,529.00M,-231.00M,-231.00M,34.88B,7.226B,20.67B,921.00M,848.00M,759.00M,228.00M,3.05B,11.57B,52.28B,5.788B,5.446B,7.579B,40.71B,46.83B,33.13B,477.00M,848.00M,1.464B
D,2014-06,-317.00M,419.00M,1.977B,3.945B,0,0.27,0.27,3.044B,48.70B,836.00M,2014-06,1.261B,159.00M,-227.00M,-227.00M,33.89B,7.237B,20.47B,394.00M,852.00M,224.00M,63.00M,2.813B,11.57B,51.50B,5.861B,5.561B,7.243B,39.93B,45.94B,32.69B,442.00M,852.00M,1.637B
D,2014-03,-299.00M,228.00M,2.387B,2.888B,0,0.65,0.65,3.046B,47.72B,1.243B,2014-03,1.013B,379.00M,-237.00M,-237.00M,33.13B,7.293B,20.46B,768.00M,1.143B,571.00M,186.00M,3.63B,11.70B,50.59B,5.785B,5.478B,6.351B,38.89B,45.11B,32.54B,475.00M,1.143B,1.972B
D,2013-12,-324.00M,316.00M,1.961B,3.446B,0,0.74,0.74,3.646B,46.97B,1.224B,2013-12,1.176B,431.00M,-229.00M,-229.00M,32.63B,7.114B,19.33B,804.00M,1.777B,618.00M,183.00M,3.185B,11.64B,50.10B,5.783B,5.94B,6.994B,38.45B,44.16B,31.46B,420.00M,1.168B,1.836B
D,2013-09,-536.00M,287.00M,1.955B,3.277B,0,0.98,0.98,3.087B,46.10B,1.477B,2013-09,1.21B,569.00M,-217.00M,-217.00M,31.86B,6.735B,18.55B,1.034B,980.00M,903.00M,305.00M,3.432B,11.24B,48.49B,5.699B,5.21B,6.453B,37.25B,43.28B,30.79B,443.00M,980.00M,1.602B
D,2013-06,-483.00M,190.00M,1.988B,4.039B,499.00M,0.35,0.35,3.125B,45.57B,992.00M,2013-06,1.154B,202.00M,-203.00M,-203.00M,31.55B,6.525B,18.04B,548.00M,909.00M,394.00M,116.00M,2.98B,11.00B,48.43B,5.65B,5.863B,7.377B,37.37B,42.56B,29.99B,444.00M,909.00M,1.647B
D,2013-03,-820.00M,35.00M,2.129B,4.048B,752.00M,0.86,0.86,3.128B,44.66B,1.394B,2013-03,1.039B,495.00M,-228.00M,-228.00M,30.91B,6.07B,17.28B,930.00M,950.00M,789.00M,288.00M,3.523B,10.87B,47.12B,5.571B,5.148B,6.972B,36.19B,41.97B,29.22B,464.00M,950.00M,1.831B
D,2012-12,-877.00M,248.00M,1.923B,4.635B,871.00M,-1.15,-1.15,3.666B,44.32B,1.178B,2012-12,1.259B,-659.00M,-198.00M,-198.00M,30.77B,5.80B,16.85B,761.00M,1.773B,612.00M,233.00M,3.101B,10.57B,46.84B,5.493B,5.14B,7.763B,36.21B,41.70B,28.45B,417.00M,1.137B,1.717B
D,2012-09,-507.00M,81.00M,2.372B,3.557B,0,0.36,0.36,3.141B,45.35B,960.00M,2012-09,1.257B,209.00M,-197.00M,-197.00M,31.52B,6.337B,17.14B,551.00M,1.02B,410.00M,143.00M,3.332B,11.82B,46.89B,0,4.653B,6.562B,35.01B,42.23B,28.45B,409.00M,1.02B,1.679B
D,2012-06,-455.00M,162.00M,1.961B,3.671B,0,0.45,0.45,3.141B,44.69B,1.044B,2012-06,1.251B,258.00M,-209.00M,-209.00M,30.92B,6.026B,17.00B,628.00M,917.00M,463.00M,166.00M,3.005B,11.90B,46.42B,0,4.712B,6.806B,34.46B,41.70B,27.66B,416.00M,917.00M,1.678B
D,2012-03,-411.00M,133.00M,2.044B,3.188B,0,0.86,0.86,3.141B,43.85B,1.353B,2012-03,1.249B,494.00M,-212.00M,-212.00M,30.29B,5.719B,17.08B,918.00M,935.00M,780.00M,269.00M,3.397B,11.91B,46.09B,0,5.019B,6.654B,34.12B,41.07B,27.47B,435.00M,935.00M,1.712B
D,2011-12,-610.00M,102.00M,4.457B,3.293B,0,0.36,0.35,3.778B,42.99B,-1.708B,2011-12,1.348B,201.00M,-105.00M,-105.00M,29.67B,5.216B,17.39B,326.00M,1.898B,287.00M,48.00M,2.749B,11.45B,45.61B,5.18B,5.43B,6.962B,34.11B,40.18B,27.15B,-2.034B,1.25B,2.035B
D,2011-09,-499.00M,212.00M,1.661B,2.11B,0,0.69,0.69,3.141B,42.16B,2.084B,2011-09,1.326B,392.00M,-249.00M,-249.00M,28.41B,5.13B,17.15B,828.00M,1.785B,595.00M,203.00M,3.745B,11.63B,44.03B,0,5.267B,5.496B,32.40B,38.76B,26.90B,1.256B,1.138B,1.874B
D,2011-06,-329.00M,80.00M,1.438B,2.599B,0,0.59,0.58,3.141B,41.16B,1.85B,2011-06,1.194B,336.00M,-216.00M,-216.00M,27.65B,5.081B,16.50B,733.00M,1.707B,556.00M,211.00M,3.288B,11.68B,43.41B,0,4.962B,5.514B,31.73B,38.45B,26.22B,1.117B,1.125B,1.998B
D,2011-03,-327.00M,188.00M,1.81B,1.345B,0,0.83,0.82,3.141B,40.39B,2.247B,2011-03,1.044B,479.00M,-227.00M,-227.00M,27.08B,4.91B,16.80B,963.00M,1.909B,793.00M,310.00M,4.057B,11.94B,42.78B,5.464B,4.932B,4.501B,30.83B,37.84B,26.33B,1.284B,1.189B,1.953B
