Ticker,Date,Accrued Comprehensive Inc,Cash and Short Term Investments,Cost of Goods Sold,Current Debt & Capital Lease Obligation,Current Deferred Liabilities,EPS Basic,EPS Diluted,Goodwill and Intangibles,Gross PP&E,Gross Profit,Income (Quarterly),Inventories,Net Income,Net Non-Operating Interest Income Expense,Net Operating Interest Income,Net PP&E,Non-Current Deferred Liabilities,Non-Current Portion of LTD and Capital Lease Obligation,Operating Income,Payables and Accrued Expenses,Pre-Tax Income,Provision for Income Taxes,Revenue,SG&A Expense,Shareholders Equity,Total Assets,Total Capital Stock,Total Current Assets,Total Current Liabilities,Total Liabilities,Total Long Term Assets,Total Long Term Liabilities,Total Operating Expenses,Total Payables,Total Receivables
DAL,2021-03,-8.96B,14.04B,6.346B,3.636B,7.544B,-1.85,-1.85,15.76B,50.36B,-2.196B,2021-03,828.00M,-1.177B,-361.00M,-361.00M,32.44B,5.096B,31.63B,-1.442B,8.408B,-1.515B,-338.00M,4.15B,110.00M,482.00M,73.08B,0,17.85B,20.69B,72.60B,55.23B,51.91B,-754.00M,3.432B,1.837B
DAL,2020-12,-9.038B,14.10B,5.458B,2.41B,5.821B,-1.19,-1.19,15.76B,49.77B,-1.485B,2020-12,732.00M,-755.00M,-365.00M,-365.00M,32.26B,5.905B,33.14B,-437.00M,6.596B,-1.108B,-353.00M,3.973B,84.00M,1.534B,72.00B,0,17.40B,15.93B,70.46B,54.59B,54.54B,-1.048B,2.84B,1.396B
DAL,2020-09,-7.939B,21.52B,5.086B,5.759B,5.663B,-8.47,-8.47,15.77B,50.76B,-2.024B,2020-09,746.00M,-5.379B,-291.00M,-291.00M,32.48B,6.044B,35.68B,-1.041B,7.203B,-6.859B,-1.48B,3.062B,94.00M,3.357B,79.08B,0,25.03B,19.72B,75.72B,54.05B,55.99B,-983.00M,2.403B,1.503B
DAL,2020-06,-7.937B,15.67B,4.868B,5.962B,5.881B,-9.01,-9.01,15.77B,51.39B,-3.40B,2020-06,847.00M,-5.717B,-194.00M,-194.00M,34.12B,6.548B,24.78B,-2.361B,7.468B,-7.014B,-1.297B,1.468B,45.00M,8.69B,72.26B,0,18.92B,20.15B,63.57B,53.35B,43.42B,-1.039B,2.332B,1.375B
DAL,2020-03,-7.898B,5.967B,8.071B,5.105B,6.697B,-0.84,-0.84,15.77B,54.64B,521.00M,2020-03,974.00M,-534.00M,-79.00M,-79.00M,37.13B,7.22B,17.87B,-410.00M,6.49B,-607.00M,-73.00M,8.592B,398.00M,14.31B,68.74B,0,10.28B,19.39B,54.43B,58.46B,35.04B,931.00M,3.337B,2.28B
DAL,2019-12,-7.989B,2.882B,9.098B,3.088B,8.335B,1.71,1.71,14.94B,53.96B,2.341B,2019-12,1.251B,1.098B,-73.00M,-73.00M,36.94B,4.965B,14.17B,1.399B,8.045B,1.398B,300.00M,11.44B,488.00M,15.36B,64.53B,0,8.249B,20.20B,49.17B,56.28B,28.97B,942.00M,3.266B,2.854B
DAL,2019-09,-7.645B,1.899B,9.474B,3.04B,8.962B,2.32,2.31,14.60B,53.82B,3.086B,2019-09,1.072B,1.495B,-70.00M,-70.00M,36.61B,4.741B,13.36B,2.071B,7.77B,1.947B,452.00M,12.56B,539.00M,15.07B,63.22B,0,6.944B,20.21B,48.15B,56.28B,27.94B,1.015B,3.47B,2.836B
DAL,2019-06,-7.694B,2.009B,9.457B,3.122B,9.664B,2.22,2.21,14.60B,53.08B,3.079B,2019-06,1.083B,1.443B,-75.00M,-75.00M,36.07B,3.606B,13.25B,2.128B,7.311B,1.907B,464.00M,12.54B,538.00M,13.96B,62.52B,0,7.134B,21.16B,48.56B,55.38B,27.40B,951.00M,3.359B,2.844B
DAL,2019-03,-7.766B,1.91B,8.596B,3.996B,9.613B,1.1,1.09,14.61B,51.58B,1.876B,2019-03,1.071B,730.00M,-83.00M,-83.00M,35.18B,3.611B,13.52B,1.02B,6.648B,946.00M,216.00M,10.47B,427.00M,12.91B,61.84B,0,7.196B,21.32B,48.93B,54.64B,27.61B,856.00M,3.214B,3.154B
DAL,2018-12,-7.825B,1.565B,8.765B,2.473B,7.65B,1.5,1.49,14.61B,50.15B,1.977B,2018-12,1.055B,1.019B,-67.00M,-67.00M,34.33B,3.815B,14.05B,1.091B,7.38B,1.345B,326.00M,10.74B,468.00M,13.69B,60.27B,0,6.34B,18.58B,46.58B,53.93B,28.00B,886.00M,2.976B,2.314B
DAL,2018-09,-7.535B,1.858B,9.318B,1.176B,8.47B,1.93,1.92,14.63B,44.12B,2.635B,2018-09,1.17B,1.322B,-73.00M,-73.00M,28.56B,3.607B,8.115B,1.645B,7.446B,1.688B,366.00M,11.95B,535.00M,13.70B,55.00B,0,6.726B,18.16B,41.30B,48.28B,23.14B,990.00M,3.265B,2.517B
DAL,2018-06,-7.606B,2.406B,9.142B,1.342B,9.159B,1.49,1.49,14.63B,43.22B,2.633B,2018-06,1.589B,1.036B,-79.00M,-79.00M,28.12B,3.692B,8.562B,1.684B,7.706B,1.386B,350.00M,11.78B,511.00M,12.86B,55.80B,0,7.641B,19.27B,42.94B,48.16B,23.67B,949.00M,3.749B,2.427B
DAL,2018-03,-7.681B,1.97B,8.287B,2.289B,8.991B,0.79,0.79,14.64B,41.68B,1.681B,2018-03,1.146B,557.00M,-92.00M,-92.00M,27.10B,3.636B,6.36B,844.00M,7.67B,732.00M,175.00M,9.968B,427.00M,12.56B,54.08B,0,7.724B,20.01B,41.52B,46.35B,21.51B,837.00M,3.351B,2.568B
DAL,2017-12,-7.621B,2.639B,8.232B,2.242B,7.126B,0.4228,0.42,14.64B,40.66B,1.996B,2017-12,1.329B,298.00M,-99.00M,-99.00M,26.56B,3.559B,6.592B,1.161B,8.524B,1.043B,745.00M,10.23B,456.00M,12.53B,53.67B,0,7.804B,18.96B,41.14B,45.87B,22.18B,835.00M,3.634B,2.377B
DAL,2017-09,-7.476B,2.438B,8.308B,1.224B,7.287B,1.62,1.61,14.64B,39.67B,2.753B,2017-09,1.136B,1.159B,-100.00M,-100.00M,25.90B,2.281B,7.584B,1.823B,7.985B,1.776B,617.00M,11.06B,499.00M,14.00B,51.93B,0,7.083B,16.50B,37.93B,44.84B,21.43B,930.00M,3.059B,2.399B
DAL,2017-06,-7.549B,2.988B,7.871B,1.098B,8.091B,1.63,1.62,14.65B,38.70B,2.876B,2017-06,938.00M,1.186B,-103.00M,-103.00M,25.37B,2.281B,7.916B,1.982B,7.442B,1.831B,645.00M,10.75B,467.00M,13.48B,51.82B,0,7.177B,16.63B,38.34B,44.64B,21.70B,894.00M,2.726B,2.164B
DAL,2017-03,-7.571B,2.65B,7.328B,1.04B,8.106B,0.77,0.77,14.65B,37.75B,1.773B,2017-03,855.00M,561.00M,-94.00M,-94.00M,24.82B,2.261B,8.187B,999.00M,6.807B,849.00M,288.00M,9.101B,404.00M,12.94B,51.46B,0,6.88B,15.95B,38.51B,44.58B,22.56B,774.00M,2.353B,2.307B
DAL,2016-12,-7.636B,3.249B,7.629B,1.131B,6.274B,0.85,0.84,14.64B,36.83B,1.64B,2016-12,891.00M,444.00M,-93.00M,-93.00M,24.38B,2.278B,6.201B,1.064B,7.403B,669.00M,225.00M,9.269B,460.00M,12.29B,51.26B,0,7.451B,15.24B,38.97B,43.81B,23.74B,576.00M,2.572B,2.064B
DAL,2016-09,-7.212B,3.152B,7.521B,1.092B,6.77B,1.7,1.69,14.64B,36.21B,2.962B,2016-09,775.00M,1.259B,-95.00M,-95.00M,24.10B,2.275B,6.473B,1.969B,6.561B,1.90B,641.00M,10.48B,466.00M,12.51B,50.95B,0,7.329B,15.15B,38.44B,43.62B,23.29B,993.00M,2.567B,1.996B
DAL,2016-06,-7.279B,2.951B,7.102B,1.115B,7.544B,2.04,2.03,14.65B,35.69B,3.345B,2016-06,795.00M,1.546B,-93.00M,-93.00M,23.98B,2.294B,6.689B,2.423B,6.696B,2.35B,804.00M,10.45B,437.00M,11.81B,51.63B,0,7.638B,16.25B,39.82B,44.00B,23.57B,922.00M,2.956B,2.102B
DAL,2016-03,-7.279B,2.914B,6.83B,1.531B,7.593B,1.22,1.21,14.65B,34.74B,2.421B,2016-03,693.00M,946.00M,-107.00M,-107.00M,23.42B,2.276B,6.92B,1.54B,6.354B,1.434B,488.00M,9.251B,388.00M,11.25B,53.34B,0,9.306B,18.11B,42.09B,44.04B,23.98B,881.00M,2.732B,2.633B
DAL,2015-12,-7.275B,3.437B,6.99B,1.563B,6.138B,1.26,1.25,14.66B,33.91B,2.512B,2015-12,697.00M,980.00M,-102.00M,-102.00M,23.04B,2.246B,6.766B,1.717B,7.244B,1.533B,553.00M,9.502B,402.00M,10.85B,53.13B,0,9.056B,17.53B,42.28B,44.08B,24.76B,795.00M,2.743B,2.02B
DAL,2015-09,-7.316B,3.811B,7.866B,1.705B,6.852B,1.67,1.65,14.38B,33.17B,3.241B,2015-09,695.00M,1.315B,-121.00M,-121.00M,22.61B,2.265B,7.096B,2.213B,6.857B,2.072B,757.00M,11.11B,463.00M,10.34B,53.65B,0,11.97B,17.61B,43.30B,41.67B,25.69B,1.028B,2.688B,2.355B
DAL,2015-06,-7.288B,3.787B,7.239B,1.659B,7.60B,1.85,1.83,14.39B,32.62B,3.468B,2015-06,881.00M,1.485B,-127.00M,-127.00M,22.48B,2.347B,7.598B,2.474B,6.383B,2.366B,881.00M,10.71B,421.00M,9.563B,52.78B,0,11.44B,17.08B,43.22B,41.34B,26.14B,994.00M,2.803B,2.10B
DAL,2015-03,-7.294B,3.569B,7.102B,1.261B,7.441B,0.91,0.9,14.39B,31.79B,2.286B,2015-03,801.00M,746.00M,-131.00M,-131.00M,22.02B,2.455B,8.305B,1.398B,6.105B,1.186B,440.00M,9.388B,386.00M,9.046B,53.75B,0,12.27B,17.32B,44.71B,41.49B,27.39B,888.00M,2.492B,2.44B
DAL,2014-12,-7.311B,3.305B,9.502B,1.184B,5.876B,-0.86,-0.86,14.40B,31.27B,145.00M,2014-12,852.00M,-712.00M,-137.00M,-137.00M,21.93B,2.602B,8.477B,-761.00M,7.015B,-1.14B,-428.00M,9.647B,411.00M,8.813B,54.00B,0,9.158B,16.85B,45.19B,44.85B,28.34B,906.00M,2.622B,3.222B
DAL,2014-09,-5.10B,4.362B,8.782B,1.169B,6.576B,0.43,0.42,14.41B,30.68B,2.396B,2014-09,942.00M,357.00M,-154.00M,-154.00M,21.72B,2.386B,8.97B,1.405B,6.465B,579.00M,222.00M,11.18B,476.00M,12.30B,51.94B,0,11.00B,14.81B,39.64B,40.94B,24.83B,991.00M,3.264B,2.135B
DAL,2014-06,-5.137B,4.081B,8.164B,1.233B,7.477B,0.95,0.94,14.42B,30.60B,2.457B,2014-06,961.00M,801.00M,-173.00M,-173.00M,22.05B,2.432B,9.089B,1.609B,5.896B,1.298B,497.00M,10.62B,440.00M,12.20B,52.19B,0,10.52B,15.21B,39.99B,41.67B,24.78B,848.00M,3.326B,2.104B
DAL,2014-03,-5.139B,3.658B,7.495B,1.578B,7.385B,0.25,0.25,14.44B,30.14B,1.421B,2014-03,948.00M,213.00M,-186.00M,-186.00M,21.97B,2.527B,9.466B,669.00M,5.443B,335.00M,122.00M,8.916B,373.00M,11.64B,52.17B,0,9.746B,15.01B,40.53B,42.42B,25.52B,752.00M,3.151B,2.042B
DAL,2013-12,-5.13B,3.803B,7.464B,1.547B,5.983B,10.02,9.89,14.45B,29.65B,1.612B,2013-12,1.063B,8.479B,-206.00M,-206.00M,21.85B,2.559B,9.795B,861.00M,6.476B,475.00M,-8.004B,9.076B,391.00M,11.64B,52.25B,0,9.651B,14.15B,40.61B,42.60B,26.46B,751.00M,2.30B,1.612B
DAL,2013-09,-8.324B,3.977B,7.935B,1.823B,6.137B,1.61,1.59,14.47B,28.78B,2.555B,2013-09,1.032B,1.369B,-213.00M,-213.00M,21.30B,4.561B,10.08B,1.669B,5.629B,1.363B,-6.00M,10.49B,447.00M,137.00M,46.00B,0,8.951B,14.13B,45.86B,37.05B,31.73B,886.00M,3.289B,1.969B
DAL,2013-06,-8.331B,3.923B,7.986B,1.695B,6.948B,0.81,0.8,14.49B,28.34B,1.721B,2013-06,962.00M,685.00M,-213.00M,-213.00M,21.05B,4.619B,10.53B,948.00M,5.528B,686.00M,1.00M,9.707B,408.00M,-1.184B,45.77B,0,8.895B,14.78B,46.96B,36.88B,32.18B,773.00M,3.36B,2.084B
DAL,2013-03,-8.426B,3.594B,7.463B,1.593B,6.635B,0.01,0.01,14.50B,27.73B,1.037B,2013-03,995.00M,7.00M,-220.00M,-220.00M,20.79B,4.663B,10.72B,324.00M,5.236B,3.00M,-4.00M,8.50B,357.00M,-1.943B,45.07B,0,8.641B,14.07B,47.01B,36.43B,32.94B,713.00M,3.14B,1.994B
DAL,2012-12,-8.577B,3.374B,7.393B,1.627B,5.502B,0.01,0.01,14.47B,27.37B,1.209B,2012-12,1.023B,6.00M,-234.00M,-234.00M,20.71B,4.675B,11.08B,473.00M,5.686B,11.00M,5.00M,8.602B,377.00M,-2.131B,44.55B,0,8.272B,13.27B,46.68B,36.28B,33.41B,736.00M,2.878B,1.693B
DAL,2012-09,-6.464B,3.233B,7.605B,1.546B,5.848B,1.24,1.23,14.49B,26.94B,2.318B,2012-09,403.00M,1.047B,-243.00M,-243.00M,20.60B,4.666B,11.11B,1.457B,3.948B,1.052B,5.00M,9.923B,440.00M,-48.00M,44.35B,0,8.163B,13.22B,44.40B,36.19B,31.18B,861.00M,2.963B,1.785B
DAL,2012-06,-6.49B,3.498B,8.616B,1.779B,6.671B,-0.2,-0.2,14.51B,26.75B,1.116B,2012-06,393.00M,-168.00M,-256.00M,-256.00M,20.61B,4.722B,11.22B,327.00M,4.538B,-164.00M,4.00M,9.732B,393.00M,-1.135B,44.72B,0,8.457B,14.69B,45.86B,36.26B,31.16B,789.00M,2.897B,1.828B
DAL,2012-03,-6.518B,3.87B,7.247B,1.855B,6.488B,0.15,0.15,14.53B,26.13B,1.166B,2012-03,364.00M,124.00M,-272.00M,-272.00M,20.33B,4.639B,11.52B,370.00M,3.743B,127.00M,3.00M,8.413B,380.00M,-1.011B,44.19B,0,8.299B,13.65B,45.20B,35.89B,31.55B,796.00M,2.702B,1.807B
DAL,2011-12,-6.766B,3.615B,13.33B,1.944B,5.329B,0.51,0.5,14.54B,25.70B,-4.929B,2011-12,535.00M,425.00M,-411.00M,-411.00M,20.22B,4.728B,11.85B,814.00M,5.11B,417.00M,-8.00M,8.399B,-4.965B,-1.396B,43.50B,0,7.729B,12.70B,44.90B,35.77B,32.19B,-5.743B,2.194B,1.563B
DAL,2011-09,-3.724B,3.265B,5.781B,1.937B,5.773B,0.66,0.65,14.49B,25.43B,4.035B,2011-09,380.00M,549.00M,-229.00M,-229.00M,20.26B,4.571B,12.56B,863.00M,3.099B,547.00M,-2.00M,9.816B,2.364B,1.222B,43.04B,0,7.329B,12.01B,41.81B,35.71B,29.80B,3.172B,2.238B,1.816B
DAL,2011-06,-3.593B,3.822B,5.548B,1.635B,6.688B,0.24,0.23,14.51B,25.14B,3.605B,2011-06,403.00M,198.00M,-233.00M,-233.00M,20.32B,4.575B,13.03B,625.00M,3.393B,195.00M,-3.00M,9.153B,2.187B,785.00M,43.88B,0,8.063B,12.80B,43.09B,35.82B,30.29B,2.98B,2.666B,1.885B
