Ticker,Date,Accrued Comprehensive Inc,Cash and Short Term Investments,Cost of Goods Sold,Current Debt & Capital Lease Obligation,Current Deferred Liabilities,EPS Basic,EPS Diluted,Goodwill and Intangibles,Gross PP&E,Gross Profit,Income (Quarterly),Inventories,Net Income,Net Non-Operating Interest Income Expense,Net Operating Interest Income,Net PP&E,Non-Current Deferred Liabilities,Non-Current Portion of LTD and Capital Lease Obligation,Operating Income,Payables and Accrued Expenses,Pre-Tax Income,Provision for Income Taxes,Research and Development Expense,Revenue,SG&A Expense,Shareholders Equity,Total Assets,Total Capital Stock,Total Current Assets,Total Current Liabilities,Total Liabilities,Total Long Term Assets,Total Long Term Liabilities,Total Operating Expenses,Total Payables,Total Receivables
DD,2020-12,44.00M,2.544B,3.521B,5.00M,0,0.3,0.3,41.39B,15.98B,1.731B,2020-12,3.726B,222.00M,-191.00M,-191.00M,9.985B,2.905B,21.81B,450.00M,4.554B,156.00M,-123.00M,216.00M,5.252B,537.00M,38.50B,70.90B,7.00M,10.88B,4.699B,31.83B,60.03B,27.14B,1.281B,3.169B,3.551B
DD,2020-09,-859.00M,4.008B,3.392B,2.394B,0,-0.11,-0.11,41.22B,15.44B,1.704B,2020-09,3.902B,-79.00M,-194.00M,-194.00M,9.686B,3.011B,21.80B,451.00M,4.463B,20.00M,92.00M,199.00M,5.096B,524.00M,37.56B,72.14B,7.00M,12.61B,6.984B,34.02B,59.54B,27.04B,1.253B,3.099B,3.623B
DD,2020-06,-1.465B,3.737B,3.291B,3.559B,0,-3.37,-3.37,42.37B,15.38B,1.537B,2020-06,4.307B,-2.478B,-191.00M,-191.00M,9.909B,3.174B,15.61B,259.00M,4.451B,-2.507B,-36.00M,209.00M,4.828B,541.00M,37.00B,66.75B,7.00M,11.99B,8.01B,29.18B,54.77B,21.17B,1.278B,2.955B,3.615B
DD,2020-03,-1.81B,1.748B,3.318B,4.068B,0,-0.83,-0.83,45.15B,15.69B,1.903B,2020-03,4.41B,-616.00M,-181.00M,-181.00M,10.50B,3.314B,14.06B,501.00M,4.477B,-566.00M,44.00M,236.00M,5.221B,633.00M,39.55B,67.99B,7.00M,10.39B,8.545B,27.87B,57.60B,19.32B,1.402B,3.186B,3.869B
DD,2019-12,-1.416B,1.54B,3.408B,3.83B,0,0.24,0.24,46.74B,15.11B,1.796B,2019-12,4.319B,176.00M,-170.00M,-170.00M,10.14B,3.467B,13.62B,620.00M,4.516B,189.00M,-2.00M,231.00M,5.204B,650.00M,40.99B,69.35B,7.00M,9.999B,8.346B,27.79B,59.35B,19.45B,1.176B,3.174B,3.802B
DD,2019-09,-1.529B,2.113B,3.531B,2.136B,0,0.5,0.5,46.70B,15.12B,1.895B,2019-09,4.306B,372.00M,-176.00M,-176.00M,10.30B,3.474B,16.05B,778.00M,4.479B,450.00M,78.00M,225.00M,5.426B,645.00M,41.34B,70.12B,7.00M,10.69B,6.616B,28.21B,59.43B,21.59B,1.117B,3.092B,3.962B
DD,2019-06,-831.00M,1.669B,3.496B,1.765B,0,-0.76,-0.76,47.48B,15.01B,1.972B,2019-06,4.39B,-571.00M,-156.00M,-156.00M,10.34B,3.662B,16.00B,846.00M,4.692B,-948.00M,155.00M,232.00M,5.468B,642.00M,42.01B,70.84B,7.00M,10.62B,6.457B,28.27B,60.22B,21.81B,1.126B,3.184B,4.214B
DD,2019-03,-12.36B,11.66B,3.621B,7.694B,0,0.69,0.69,89.42B,79.24B,1.793B,2019-03,16.60B,521.00M,-111.00M,-111.00M,38.86B,5.229B,37.59B,544.00M,20.89B,-165.00M,-91.00M,267.00M,5.414B,726.00M,92.44B,189.78B,24.00M,49.25B,28.58B,95.69B,140.54B,67.11B,1.249B,12.90B,18.75B
DD,2018-12,-12.39B,8.577B,3.642B,15.00M,0,0.63,0.63,49.15B,14.12B,1.815B,2018-12,4.107B,482.00M,-45.00M,-45.00M,9.917B,3.912B,12.62B,569.00M,3.863B,310.00M,-6.00M,262.00M,5.457B,727.00M,94.29B,187.86B,8.00M,126.66B,73.31B,91.96B,61.20B,18.64B,1.246B,2.734B,3.391B
DD,2018-09,-10.57B,7.309B,3.77B,7.875B,0,0.65,0.65,90.87B,74.30B,1.913B,2018-09,16.44B,501.00M,8.00M,8.00M,35.23B,5.908B,27.29B,662.00M,19.80B,168.00M,37.00M,264.00M,5.683B,731.00M,98.09B,184.45B,24.00M,45.40B,27.68B,84.71B,139.05B,57.03B,1.251B,13.65B,19.55B
DD,2018-06,-10.73B,9.751B,4.085B,7.40B,0,2.29,2.27,91.51B,73.66B,1.772B,2018-06,15.63B,1.769B,11.00M,11.00M,35.22B,5.885B,26.85B,468.00M,20.71B,130.00M,99.00M,270.00M,5.857B,768.00M,98.26B,187.37B,24.00M,47.90B,28.11B,87.48B,139.47B,59.38B,1.304B,13.52B,20.30B
DD,2018-03,-7.497B,10.54B,16.32B,5.118B,0,1.41,1.41,93.46B,74.33B,5.195B,2018-03,17.46B,1.104B,-350.00M,-350.00M,36.08B,6.113B,29.34B,2.239B,21.50B,1.542B,389.00M,768.00M,21.51B,1.714B,101.26B,192.44B,23.00M,49.73B,26.62B,89.52B,142.71B,62.90B,2.956B,14.02B,19.79B
DD,2017-12,-8.972B,14.39B,-23.58B,4.015B,0,-1.62,-1.62,92.80B,73.30B,-7.163B,2017-12,16.99B,-1.564B,734.00M,734.00M,36.25B,6.266B,30.06B,-5.549B,22.11B,-5.592B,-2.997B,-698.00M,-30.75B,-865.00M,100.33B,192.16B,23.00M,49.89B,26.13B,90.24B,142.27B,64.11B,-1.614B,13.70B,16.89B
DD,2017-09,-9.367B,14.97B,12.19B,7.082B,0,0.96,0.96,94.12B,72.23B,3.168B,2017-09,17.26B,514.00M,-283.00M,-283.00M,36.22B,9.125B,29.82B,1.395B,20.09B,1.125B,571.00M,528.00M,15.35B,1.001B,102.95B,198.53B,23.00M,54.80B,27.28B,93.99B,143.73B,66.72B,1.773B,12.24B,18.26B
DD,2017-06,-9.074B,6.218B,10.76B,1.435B,0,3.24,3.21,21.25B,59.57B,3.073B,2017-06,8.163B,1.321B,-226.00M,-226.00M,24.12B,916.00M,20.07B,1.788B,11.99B,1.814B,455.00M,408.00M,13.83B,720.00M,28.42B,82.25B,3.107B,25.94B,13.43B,52.66B,56.31B,39.23B,1.285B,8.826B,10.86B
DD,2017-03,-9.514B,5.848B,10.19B,999.00M,0,2.22,2.16,21.26B,58.36B,3.036B,2017-03,8.21B,888.00M,-219.00M,-219.00M,23.77B,934.00M,20.47B,1.703B,12.19B,1.128B,213.00M,419.00M,13.23B,759.00M,27.06B,80.83B,3.107B,24.64B,13.19B,52.49B,56.19B,39.30B,1.333B,8.326B,9.71B
DD,2016-12,-9.822B,6.607B,10.60B,907.00M,0,-0.09,-0.09,21.30B,57.44B,2.418B,2016-12,7.363B,52.00M,-122.00M,-122.00M,23.49B,923.00M,20.46B,1.04B,11.70B,-198.00M,-282.00M,434.00M,13.02B,787.00M,25.99B,79.51B,3.107B,23.66B,12.60B,52.28B,55.85B,39.68B,1.378B,7.216B,8.978B
DD,2016-09,-7.681B,7.032B,9.84B,869.00M,0,1.92,1.89,21.82B,57.50B,2.643B,2016-09,8.013B,804.00M,-220.00M,-220.00M,23.31B,1.027B,20.42B,1.344B,11.79B,1.089B,271.00M,399.00M,12.48B,738.00M,29.04B,80.62B,7.107B,24.78B,12.66B,50.28B,55.85B,37.62B,1.299B,8.252B,9.108B
DD,2016-06,-7.845B,7.309B,9.275B,494.00M,0,8.37,7.83,21.90B,56.70B,2.677B,2016-06,8.212B,3.208B,-190.00M,-190.00M,22.78B,982.00M,20.85B,1.369B,12.39B,3.357B,130.00M,399.00M,11.95B,787.00M,28.94B,81.52B,7.107B,26.31B,12.88B,51.29B,55.21B,38.41B,1.308B,8.27B,9.273B
DD,2016-03,-8.262B,6.61B,7.951B,747.00M,0,0.45,0.45,15.80B,52.15B,2.752B,2016-03,7.298B,254.00M,-181.00M,-181.00M,18.42B,575.00M,16.23B,1.546B,10.94B,165.00M,-110.00M,361.00M,10.70B,742.00M,25.60B,68.44B,7.107B,23.33B,11.68B,42.01B,45.11B,30.32B,1.206B,6.96B,8.761B
DD,2015-12,-8.667B,8.577B,8.715B,995.00M,119.00M,9.51,8.82,15.77B,50.80B,2.747B,2015-12,6.871B,3.612B,-215.00M,-215.00M,17.85B,587.00M,16.22B,1.506B,10.12B,4.148B,517.00M,404.00M,11.46B,734.00M,25.37B,67.94B,7.107B,23.94B,11.12B,41.76B,44.00B,30.64B,1.241B,6.908B,7.846B
DD,2015-09,-8.585B,7.623B,9.349B,2.276B,131.00M,3.36,3.27,16.00B,55.75B,2.687B,2015-09,7.822B,1.375B,-215.00M,-215.00M,18.86B,546.00M,17.46B,1.511B,10.81B,2.063B,627.00M,382.00M,12.04B,689.00M,24.33B,69.88B,7.107B,24.85B,13.20B,44.72B,45.03B,31.51B,1.176B,7.634B,8.167B
DD,2015-06,-8.41B,6.224B,10.15B,1.915B,104.00M,2.97,2.91,16.33B,55.28B,2.764B,2015-06,8.061B,1.22B,-221.00M,-221.00M,18.58B,557.00M,17.83B,1.453B,10.72B,1.514B,317.00M,429.00M,12.91B,773.00M,23.61B,69.33B,7.107B,24.76B,12.76B,44.88B,44.57B,32.12B,1.311B,7.92B,9.029B
DD,2015-03,-8.84B,6.288B,9.535B,1.922B,105.00M,3.66,3.54,15.80B,54.20B,2.835B,2015-03,8.087B,1.478B,-224.00M,-224.00M,18.07B,572.00M,17.87B,1.598B,10.36B,2.205B,686.00M,383.00M,12.37B,752.00M,22.24B,67.79B,7.107B,24.39B,12.39B,44.58B,43.40B,32.19B,1.237B,7.879B,8.739B
DD,2014-12,-8.017B,5.654B,11.61B,933.00M,104.00M,1.92,1.89,16.40B,55.23B,2.773B,2014-12,8.101B,819.00M,-243.00M,-243.00M,18.05B,622.00M,18.74B,1.416B,10.54B,1.118B,279.00M,428.00M,14.38B,823.00M,22.42B,68.69B,7.107B,24.26B,11.58B,45.33B,44.43B,33.75B,1.357B,7.704B,9.372B
DD,2014-09,-5.371B,5.768B,11.78B,781.00M,108.00M,2.16,2.13,16.66B,55.07B,2.629B,2014-09,9.019B,937.00M,-223.00M,-223.00M,17.69B,637.00M,19.00B,1.359B,11.20B,1.342B,378.00M,409.00M,14.40B,753.00M,25.73B,69.57B,7.107B,25.73B,12.09B,42.86B,43.84B,30.78B,1.27B,8.392B,9.796B
DD,2014-06,-4.729B,3.843B,12.34B,795.00M,98.00M,2.22,2.19,16.94B,55.97B,2.573B,2014-06,8.926B,967.00M,-233.00M,-233.00M,17.90B,669.00M,17.04B,1.295B,10.98B,1.314B,344.00M,419.00M,14.92B,751.00M,26.75B,68.76B,7.107B,24.28B,11.88B,41.02B,44.47B,29.14B,1.278B,8.381B,10.36B
DD,2014-03,-4.824B,4.385B,11.73B,877.00M,133.00M,2.4,2.37,17.02B,55.38B,2.728B,2014-03,9.102B,1.049B,-233.00M,-233.00M,17.57B,691.00M,16.94B,1.444B,11.25B,1.491B,425.00M,391.00M,14.46B,779.00M,26.74B,69.23B,7.092B,25.06B,12.23B,41.51B,44.17B,29.28B,1.284B,8.566B,10.45B
DD,2013-12,-4.827B,5.94B,12.07B,1.14B,91.00M,2.4,2.37,17.11B,55.11B,2.318B,2013-12,8.303B,1.048B,-250.00M,-250.00M,17.45B,718.00M,16.82B,886.00M,10.70B,1.386B,358.00M,477.00M,14.39B,838.00M,26.90B,69.50B,7.054B,24.98B,11.97B,41.58B,44.52B,29.61B,1.432B,7.782B,9.647B
DD,2013-09,-7.07B,5.272B,11.72B,1.132B,0,1.5,1.47,17.15B,54.90B,2.018B,2013-09,8.892B,679.00M,-253.00M,-253.00M,17.36B,792.00M,17.49B,788.00M,10.77B,916.00M,231.00M,418.00M,13.73B,698.00M,24.00B,70.21B,7.042B,25.01B,11.99B,45.19B,45.20B,33.20B,1.23B,8.136B,9.776B
DD,2013-06,-7.526B,4.883B,12.10B,1.351B,89.00M,5.88,5.61,17.18B,54.37B,2.474B,2013-06,8.836B,2.425B,-269.00M,-269.00M,17.20B,795.00M,17.48B,1.226B,11.17B,3.238B,795.00M,417.00M,14.58B,716.00M,23.21B,70.14B,7.031B,25.33B,12.61B,45.94B,44.82B,33.33B,1.248B,8.503B,10.48B
DD,2013-03,-7.694B,3.514B,11.71B,1.333B,95.00M,1.38,1.38,17.27B,54.14B,2.676B,2013-03,9.335B,635.00M,-288.00M,-288.00M,17.27B,775.00M,18.75B,1.354B,11.01B,1.264B,604.00M,435.00M,14.38B,772.00M,21.00B,69.30B,7.024B,24.25B,12.44B,47.31B,45.06B,34.87B,1.322B,8.113B,10.40B
DD,2012-12,-7.516B,4.318B,11.94B,1.068B,95.00M,-1.83,-1.83,17.45B,54.37B,1.978B,2012-12,8.476B,-631.00M,-295.00M,-295.00M,17.52B,837.00M,19.92B,657.00M,10.33B,-850.00M,-99.00M,463.00M,13.92B,741.00M,20.88B,69.60B,7.008B,23.68B,11.49B,47.74B,45.92B,36.24B,1.321B,7.674B,9.679B
DD,2012-09,-5.481B,3.885B,11.37B,2.186B,97.00M,1.26,1.26,17.78B,53.42B,2.269B,2012-09,8.63B,582.00M,-308.00M,-308.00M,17.56B,1.021B,18.22B,979.00M,10.51B,825.00M,234.00M,434.00M,13.64B,739.00M,23.83B,69.37B,6.998B,23.46B,12.80B,44.26B,45.90B,31.46B,1.29B,7.832B,9.966B
DD,2012-06,-5.967B,4.13B,12.20B,2.353B,117.00M,1.65,1.65,17.79B,52.92B,2.313B,2012-06,8.38B,734.00M,-302.00M,-302.00M,17.35B,1.009B,18.30B,1.111B,10.16B,984.00M,244.00M,406.00M,14.51B,674.00M,23.12B,68.84B,6.996B,23.20B,12.63B,44.47B,45.64B,31.84B,1.202B,7.685B,9.887B
DD,2012-03,-5.586B,3.61B,12.28B,2.353B,125.00M,1.05,1.05,17.96B,53.01B,2.434B,2012-03,8.882B,497.00M,-323.00M,-323.00M,17.28B,1.061B,21.38B,1.20B,10.99B,706.00M,186.00M,405.00M,14.72B,707.00M,23.03B,69.60B,6.988B,23.91B,13.46B,45.40B,45.69B,31.94B,1.234B,8.206B,10.51B
DD,2011-12,-5.996B,5.446B,12.43B,3.29B,129.00M,-0.06,-0.06,17.99B,52.22B,1.664B,2011-12,7.577B,65.00M,-317.00M,-317.00M,17.30B,1.091B,18.31B,406.00M,10.22B,354.00M,271.00M,433.00M,14.10B,702.00M,22.28B,69.22B,6.961B,23.42B,13.63B,45.93B,45.80B,32.30B,1.258B,7.752B,9.626B
DD,2011-09,-4.29B,2.206B,12.93B,2.561B,110.00M,2.1,2.07,18.21B,52.84B,2.181B,2011-09,8.416B,900.00M,-296.00M,-296.00M,17.79B,1.298B,17.04B,963.00M,10.22B,1.089B,186.00M,402.00M,15.11B,691.00M,24.15B,66.95B,6.954B,21.75B,12.89B,41.81B,45.20B,28.92B,1.218B,7.491B,10.12B
DD,2011-06,-3.647B,2.223B,13.55B,1.577B,115.00M,2.52,2.52,18.47B,53.89B,2.495B,2011-06,8.739B,1.067B,-318.00M,-318.00M,18.05B,1.238B,18.51B,1.264B,10.74B,1.317B,240.00M,411.00M,16.05B,695.00M,24.18B,68.45B,6.953B,22.70B,12.43B,43.41B,45.75B,30.98B,1.231B,7.927B,10.75B
DD,2011-03,-3.881B,3.562B,12.12B,2.316B,97.00M,1.65,1.62,18.50B,52.82B,2.616B,2011-03,8.132B,710.00M,-370.00M,-370.00M,17.78B,1.284B,19.08B,1.393B,10.57B,841.00M,120.00M,400.00M,14.73B,700.00M,23.02B,68.44B,6.939B,22.98B,12.98B,44.60B,45.46B,31.62B,1.223B,7.79B,10.35B
