Ticker,Date,Accrued Comprehensive Inc,Cash and Short Term Investments,Cost of Goods Sold,Current Debt & Capital Lease Obligation,Current Deferred Liabilities,EPS Basic,EPS Diluted,Goodwill and Intangibles,Gross PP&E,Gross Profit,Income (Quarterly),Inventories,Net Income,Net PP&E,Non-Current Deferred Liabilities,Non-Current Portion of LTD and Capital Lease Obligation,Operating Income,Payables and Accrued Expenses,Pre-Tax Income,Provision for Income Taxes,Research and Development Expense,Revenue,SG&A Expense,Shareholders Equity,Total Assets,Total Capital Stock,Total Current Assets,Total Current Liabilities,Total Liabilities,Total Long Term Assets,Total Long Term Liabilities,Total Operating Expenses,Total Payables,Total Receivables
DE,2021-01,-5.078B,7.629B,6.076B,13.19B,1.647B,3.9,3.87,4.536B,12.77B,3.036B,2021-01,5.956B,1.224B,12.77B,532.00M,32.77B,1.528B,9.404B,1.528B,308.00M,366.00M,9.112B,769.00M,14.08B,75.48B,4.942B,51.99B,22.60B,61.39B,23.49B,38.80B,1.508B,3.76B,38.41B
DE,2020-10,-5.539B,7.707B,6.937B,13.56B,1.635B,2.41,2.39,4.408B,22.94B,2.513B,2020-10,4.999B,758.00M,13.12B,519.00M,32.73B,1.09B,7.022B,1.116B,330.00M,443.00M,9.45B,1.21B,12.94B,75.09B,4.895B,51.33B,23.38B,62.15B,23.76B,38.77B,1.423B,3.585B,38.62B
DE,2020-07,-5.319B,8.83B,6.125B,14.44B,1.55B,2.59,2.57,4.285B,14.93B,2.80B,2020-07,5.65B,811.00M,12.91B,479.00M,34.04B,1.27B,9.565B,1.27B,457.00M,370.00M,8.925B,752.00M,12.89B,77.26B,4.75B,53.24B,24.00B,64.37B,24.03B,40.37B,1.53B,4.197B,38.76B
DE,2020-04,-5.715B,9.526B,6.636B,15.82B,0,2.13,2.11,4.228B,14.86B,2.617B,2020-04,6.171B,666.00M,12.93B,475.00M,34.32B,928.00M,9.072B,928.00M,245.00M,406.00M,9.253B,906.00M,11.86B,77.33B,4.713B,53.62B,24.89B,65.46B,23.70B,40.57B,1.689B,0,37.93B
DE,2020-01,-5.329B,4.211B,5.413B,14.42B,0,1.65,1.63,4.294B,13.40B,2.218B,2020-01,6.482B,517.00M,13.40B,491.00M,30.48B,569.00M,8.63B,569.00M,50.00M,425.00M,7.631B,809.00M,11.93B,71.82B,4.675B,47.82B,23.05B,59.89B,24.00B,36.84B,1.649B,0,37.13B
DE,2019-10,-5.607B,4.438B,7.352B,15.10B,0,2.3,2.27,4.297B,22.82B,2.227B,2019-10,5.975B,721.00M,13.54B,495.00M,30.23B,800.00M,6.959B,825.00M,104.00M,488.00M,9.579B,1.087B,11.41B,73.01B,4.642B,49.22B,24.76B,61.59B,23.79B,36.83B,1.427B,0,38.81B
DE,2019-07,-4.581B,3.948B,7.244B,16.19B,0,2.84,2.81,4.457B,13.07B,2.792B,2019-07,6.747B,899.00M,13.07B,507.00M,29.24B,1.113B,9.39B,1.113B,221.00M,431.00M,10.04B,896.00M,12.27B,73.53B,4.599B,49.70B,25.58B,61.26B,23.83B,35.68B,1.679B,0,39.01B
DE,2019-04,-4.610B,4.029B,8.106B,16.46B,0,3.57,3.52,4.501B,12.80B,3.236B,2019-04,7.161B,1.135B,12.80B,513.50M,28.26B,1.473B,9.626B,1.473B,343.00M,457.00M,11.34B,947.00M,11.92B,72.73B,4.559B,49.39B,26.09B,60.81B,23.34B,34.72B,1.763B,0,38.20B
DE,2019-01,-4.578B,4.149B,5.785B,15.20B,0,1.56,1.54,4.556B,12.69B,2.199B,2019-01,7.402B,498.00M,12.69B,525.40M,27.86B,677.00M,9.086B,677.00M,184.00M,407.00M,7.984B,764.00M,11.33B,69.92B,4.512B,46.76B,24.29B,58.59B,23.16B,34.30B,1.522B,0,35.21B
DE,2018-10,-4.427B,4.394B,6.915B,15.02B,0,2.45,2.42,4.663B,20.19B,2.165B,2018-10,6.149B,784.00M,13.03B,556.00M,27.24B,965.00M,7.46B,979.00M,203.00M,470.00M,9.08B,1.088B,11.29B,70.11B,4.474B,46.62B,25.13B,58.82B,23.48B,33.69B,1.20B,0,36.08B
DE,2018-07,-4.553B,4.412B,7.443B,15.53B,1.317B,2.81,2.78,4.628B,12.44B,2.865B,2018-07,6.239B,910.00M,12.44B,524.60M,26.84B,1.19B,9.483B,1.19B,289.00M,416.00M,10.31B,913.00M,10.36B,69.39B,4.451B,46.73B,25.01B,59.02B,22.66B,34.01B,1.675B,3.412B,36.08B
DE,2018-04,-4.173B,4.681B,7.637B,15.30B,1.136B,3.73,3.67,4.881B,12.47B,3.083B,2018-04,6.889B,1.208B,12.47B,562.70M,26.28B,1.384B,9.790B,1.384B,177.10M,415.20M,10.72B,939.20M,10.41B,69.87B,4.423B,46.79B,25.09B,59.45B,23.08B,34.37B,1.699B,2.478B,35.22B
DE,2018-01,-4.289B,4.377B,4.991B,14.17B,0,-1.66,-1.66,4.772B,12.40B,1.923B,2018-01,6.614B,-535.10M,12.40B,590.20M,26.42B,517.90M,8.490B,517.90M,1.058B,356.80M,6.914B,705.00M,9.253B,66.58B,4.374B,44.01B,22.66B,57.31B,22.57B,34.65B,1.405B,0,33.01B
DE,2017-10,-4.564B,9.786B,5.824B,14.15B,0,1.59,1.57,1.251B,18.55B,1.572B,2017-10,3.904B,510.20M,11.66B,209.70M,25.89B,374.80M,6.184B,766.80M,222.30M,398.80M,7.396B,1.066B,9.557B,65.79B,4.280B,46.88B,22.57B,56.23B,18.91B,33.66B,1.197B,0,33.19B
DE,2017-07,-5.180B,6.964B,5.465B,13.80B,0,2,1.97,937.80M,11.20B,2.343B,2017-07,4.253B,641.80M,11.20B,190.00M,23.67B,889.90M,7.599B,889.90M,253.20M,336.80M,7.808B,799.10M,8.572B,62.35B,4.245B,44.25B,21.40B,53.78B,18.10B,32.38B,1.453B,0,33.04B
DE,2017-04,-5.496B,5.072B,5.655B,12.19B,0,2.53,2.5,897.20M,10.88B,2.632B,2017-04,4.115B,808.50M,10.88B,169.00M,23.25B,1.169B,7.216B,1.169B,365.80M,325.40M,8.287B,783.60M,7.685B,58.97B,4.177B,41.25B,19.40B,51.28B,17.72B,31.87B,1.463B,0,32.07B
DE,2017-01,-5.604B,4.336B,3.990B,11.66B,0,0.63,0.62,905.20M,10.86B,1.636B,2017-01,3.960B,199.00M,10.86B,168.90M,22.92B,328.00M,6.334B,328.00M,129.20M,312.10M,5.625B,667.30M,6.826B,56.30B,4.085B,38.81B,18.00B,49.46B,17.48B,31.46B,1.308B,0,30.52B
DE,2016-10,-5.626B,4.789B,4.692B,11.91B,0,0.91,0.9,919.70M,17.41B,1.548B,2016-10,3.340B,285.30M,11.07B,166.00M,23.70B,344.20M,5.191B,434.40M,140.20M,390.60M,6.239B,962.40M,6.52B,57.92B,3.912B,39.97B,19.15B,51.39B,17.95B,32.24B,1.203B,0,31.84B
DE,2016-07,-4.582B,4.790B,4.695B,13.09B,0,1.55,1.55,933.60M,10.65B,2.030B,2016-07,3.851B,488.80M,10.65B,172.30M,24.13B,705.10M,6.800B,705.10M,226.50M,338.80M,6.724B,709.00M,7.428B,58.61B,3.884B,41.11B,19.89B,51.17B,17.50B,31.28B,1.324B,0,32.47B
DE,2016-04,-4.519B,4.609B,5.722B,13.22B,0,1.57,1.56,956.00M,10.54B,2.153B,2016-04,4.061B,495.40M,10.54B,180.30M,24.65B,733.30M,6.981B,733.30M,237.80M,345.00M,7.875B,714.80M,7.164B,59.18B,3.862B,41.72B,20.20B,52.01B,17.47B,31.81B,1.420B,0,33.05B
DE,2016-01,-4.860B,3.936B,4.013B,11.70B,1.05B,0.8,0.8,778.70M,10.11B,1.511B,2016-01,4.250B,254.40M,10.11B,149.60M,24.53B,351.20M,6.196B,351.20M,95.50M,319.30M,5.524B,592.90M,6.590B,56.04B,3.843B,39.23B,17.90B,49.43B,16.81B,31.53B,1.16B,2.251B,31.04B
DE,2015-10,-4.729B,4.600B,4.993B,13.02B,1.002B,1.09,1.08,790.00M,16.06B,1.468B,2015-10,3.817B,351.20M,10.15B,160.80M,23.83B,431.50M,5.068B,456.90M,104.50M,404.00M,6.462B,902.10M,6.743B,57.95B,3.826B,41.11B,20.33B,51.19B,16.84B,30.86B,1.037B,2.743B,32.69B
DE,2015-07,-4.507B,4.552B,5.530B,13.94B,919.00M,1.54,1.53,773.90M,9.552B,2.064B,2015-07,4.319B,511.60M,9.552B,150.90M,23.20B,738.50M,7.236B,738.50M,241.00M,346.80M,7.594B,755.30M,7.723B,58.93B,3.806B,42.80B,21.18B,51.21B,16.13B,30.03B,1.326B,3.128B,33.93B
DE,2015-04,-4.294B,4.748B,5.860B,13.69B,0,2.05,2.03,797.00M,9.440B,2.311B,2015-04,4.624B,690.50M,9.440B,149.30M,23.62B,1.017B,7.260B,1.017B,324.00M,341.10M,8.171B,740.00M,8.174B,59.59B,3.745B,43.58B,20.95B,51.42B,16.02B,30.47B,1.294B,0,34.20B
DE,2015-01,-4.245B,4.469B,4.601B,12.51B,0,1.13,1.12,803.30M,9.182B,1.782B,2015-01,4.527B,386.80M,9.182B,146.70M,24.11B,567.60M,6.422B,567.60M,170.50M,333.20M,6.383B,659.00M,8.246B,58.29B,3.714B,42.41B,19.20B,50.04B,15.88B,30.84B,1.215B,0,33.03B
DE,2014-10,-3.783B,5.002B,6.421B,12.58B,0,1.84,1.83,860.20M,15.34B,2.293B,2014-10,4.210B,649.20M,9.594B,160.90M,24.38B,1.060B,5.868B,1.076B,416.90M,412.10M,8.714B,1.175B,9.063B,61.34B,3.675B,44.51B,21.13B,52.27B,16.82B,31.14B,1.233B,0,35.30B
DE,2014-07,-2.645B,4.524B,6.765B,12.72B,0,2.35,2.33,898.80M,8.966B,2.735B,2014-07,5.439B,850.70M,8.966B,160.10M,24.04B,1.292B,8.433B,1.292B,450.20M,362.10M,9.500B,820.70M,10.83B,61.75B,3.653B,45.86B,21.16B,50.92B,15.89B,29.76B,1.443B,0,35.90B
DE,2014-04,-2.664B,4.650B,7.038B,13.09B,0,2.67,2.65,910.60M,8.577B,2.910B,2014-04,5.850B,980.70M,8.577B,162.00M,23.17B,1.464B,8.150B,1.464B,479.00M,354.10M,9.948B,846.50M,10.67B,60.86B,3.622B,45.55B,21.29B,50.19B,15.32B,28.90B,1.446B,0,34.96B
DE,2014-01,-2.809B,4.627B,5.367B,12.15B,0,1.83,1.81,910.00M,8.377B,2.287B,2014-01,5.555B,681.10M,8.377B,154.80M,22.27B,964.90M,7.33B,964.90M,280.50M,323.70M,7.654B,765.90M,10.26B,57.66B,3.571B,42.63B,19.48B,47.40B,15.03B,27.92B,1.322B,0,32.45B
DE,2013-10,-2.693B,5.129B,6.663B,12.90B,0,2.13,2.11,922.00M,14.28B,2.613B,2013-10,4.935B,806.80M,8.619B,160.30M,21.58B,1.228B,6.364B,1.244B,437.10M,405.20M,9.276B,1.152B,10.27B,59.52B,3.524B,44.11B,21.99B,49.25B,15.41B,27.26B,1.385B,0,33.54B
DE,2013-07,-4.499B,4.796B,7.020B,11.99B,734.00M,2.58,2.56,1.005B,7.934B,2.989B,2013-07,5.594B,996.50M,7.934B,155.50M,21.70B,1.549B,8.306B,1.549B,553.50M,338.70M,10.01B,919.80M,8.590B,58.34B,3.499B,43.33B,20.30B,49.75B,15.01B,29.45B,1.440B,3.312B,32.94B
DE,2013-04,-4.454B,5.050B,7.673B,12.20B,345.00M,2.79,2.76,1.017B,7.690B,3.240B,2013-04,6.173B,1.084B,7.690B,158.60M,21.75B,1.744B,8.133B,1.744B,666.40M,376.80M,10.91B,956.30M,8.265B,58.16B,3.474B,43.16B,20.34B,49.89B,15.00B,29.55B,1.496B,2.942B,31.93B
DE,2013-01,-4.480B,5.048B,5.195B,10.38B,0,1.67,1.65,1.033B,7.495B,2.226B,2013-01,6.243B,649.70M,7.495B,169.40M,22.17B,946.10M,7.200B,946.10M,289.00M,356.50M,7.421B,781.50M,7.484B,55.17B,3.434B,40.32B,17.58B,47.68B,14.85B,30.11B,1.280B,0,29.03B
DE,2012-10,-4.572B,6.123B,7.163B,9.968B,0,1.76,1.75,1.026B,12.84B,2.434B,2012-10,5.17B,687.60M,7.540B,164.40M,22.45B,1.108B,6.40B,1.122B,425.30M,401.30M,9.598B,1.193B,6.842B,56.27B,3.352B,40.87B,18.96B,49.40B,15.40B,30.45B,1.326B,0,29.58B
DE,2012-07,-3.815B,4.943B,6.951B,10.07B,0,2,1.98,1.042B,6.713B,2.640B,2012-07,5.868B,788.00M,6.713B,162.70M,21.16B,1.215B,8.069B,1.215B,426.80M,367.80M,9.590B,878.40M,7.396B,53.20B,3.320B,39.23B,18.14B,45.78B,13.97B,27.65B,1.425B,0,28.42B
DE,2012-04,-3.674B,4.359B,7.030B,10.94B,0,2.64,2.61,1.079B,6.556B,2.978B,2012-04,6.112B,1.056B,6.556B,164.80M,18.72B,1.597B,7.631B,1.597B,541.30M,352.00M,10.01B,881.40M,7.379B,51.41B,3.299B,38.08B,18.57B,44.01B,13.33B,25.43B,1.381B,0,27.61B
DE,2012-01,-3.744B,4.515B,4.768B,11.12B,0,1.32,1.3,1.084B,6.356B,1.998B,2012-01,5.678B,532.90M,6.356B,152.80M,16.92B,800.30M,6.817B,800.30M,266.20M,312.50M,6.766B,709.00M,6.763B,48.58B,3.277B,35.30B,17.94B,41.80B,13.27B,23.86B,1.198B,0,25.11B
DE,2011-10,-3.678B,4.434B,6.222B,9.629B,0,1.63,1.62,1.127B,11.66B,2.219B,2011-10,4.371B,669.60M,6.502B,168.30M,16.96B,1.046B,6.018B,1.057B,382.90M,346.90M,8.441B,1.053B,6.800B,48.21B,3.252B,34.93B,17.43B,41.39B,13.28B,23.96B,1.173B,0,26.12B
DE,2011-07,-2.997B,4.078B,5.976B,10.31B,0,1.71,1.69,1.156B,6.084B,2.395B,2011-07,4.688B,712.30M,6.084B,160.00M,15.89B,1.079B,7.121B,1.079B,369.50M,312.00M,8.372B,815.80M,7.528B,47.14B,3.231B,34.53B,17.43B,39.60B,12.61B,22.16B,1.316B,0,25.76B
DE,2011-04,-3.027B,4.189B,6.299B,9.893B,0,2.15,2.12,1.17B,5.914B,2.610B,2011-04,4.687B,904.30M,5.914B,162.60M,16.19B,1.341B,6.777B,1.341B,438.90M,298.50M,8.910B,828.20M,7.423B,46.59B,3.212B,34.36B,16.67B,39.15B,12.23B,22.48B,1.270B,0,25.48B
