Ticker,Date,Accrued Comprehensive Inc,Cash and Short Term Investments,Cost of Goods Sold,Current Debt & Capital Lease Obligation,Current Deferred Liabilities,EPS Basic,EPS Diluted,Goodwill and Intangibles,Gross PP&E,Gross Profit,Income (Quarterly),Inventories,Net Income,Net Non-Operating Interest Income Expense,Net Operating Interest Income,Net PP&E,Non-Current Deferred Liabilities,Non-Current Portion of LTD and Capital Lease Obligation,Operating Income,Payables and Accrued Expenses,Pre-Tax Income,Provision for Income Taxes,Revenue,SG&A Expense,Shareholders Equity,Total Assets,Total Capital Stock,Total Current Assets,Total Current Liabilities,Total Liabilities,Total Long Term Assets,Total Long Term Liabilities,Total Operating Expenses,Total Payables,Total Receivables
DG,2021-01,-2.163M,1.377B,5.678B,1.074B,0,2.64,2.62,5.538B,16.74B,2.737B,2021-01,5.247B,642.74M,-40.27M,-40.27M,13.37B,710.55M,12.52B,872.22M,4.257B,831.96M,189.21M,8.415B,1.864B,6.661B,25.86B,210.69M,6.914B,5.711B,19.20B,18.95B,13.49B,1.864B,3.949B,90.76M
DG,2020-10,-2.406M,2.199B,5.631B,1.044B,0,2.32,2.31,5.538B,13.05B,2.568B,2020-10,5.026B,574.26M,-40.30M,-40.30M,13.05B,686.69M,12.42B,773.13M,4.842B,732.83M,158.57M,8.200B,1.795B,6.986B,26.15B,214.38M,7.533B,5.886B,19.17B,18.62B,13.28B,1.795B,3.781B,111.14M
DG,2020-07,-2.649M,2.960B,5.866B,1.016B,0,3.15,3.12,5.539B,12.68B,2.818B,2020-07,4.391B,787.60M,-39.33M,-39.33M,12.68B,689.89M,12.21B,1.043B,4.395B,1.003B,215.70M,8.684B,1.776B,7.356B,25.85B,217.91M,7.597B,5.411B,18.49B,18.25B,13.08B,1.776B,3.417B,36.18M
DG,2020-04,-2.892M,2.674B,5.853B,991.63M,0,2.58,2.56,5.539B,12.28B,2.596B,2020-04,4.107B,650.45M,-30.49M,-30.49M,12.28B,700.10M,11.92B,866.78M,3.852B,836.29M,185.84M,8.448B,1.729B,7.209B,24.85B,220.26M,6.992B,4.843B,17.64B,17.86B,12.80B,1.729B,3.060B,17.19M
DG,2020-01,-3.135M,240.32M,4.885B,964.80M,0,2.11,2.1,5.539B,14.89B,2.273B,2020-01,4.677B,535.44M,-25.57M,-25.57M,12.07B,675.23M,10.73B,720.88M,3.333B,695.31M,159.87M,7.158B,1.552B,6.702B,22.83B,220.44M,5.178B,4.543B,16.12B,17.65B,11.58B,1.552B,3.062B,76.54M
DG,2019-10,-3.378M,276.08M,4.926B,941.06M,0,1.43,1.42,5.539B,11.77B,2.065B,2019-10,4.496B,365.55M,-24.26M,-24.26M,11.77B,634.04M,10.45B,491.42M,3.565B,467.15M,101.60M,6.991B,1.574B,6.648B,22.41B,222.78M,5.069B,4.506B,15.76B,17.34B,11.26B,1.574B,2.848B,103.19M
DG,2019-07,-3.621M,259.57M,4.833B,915.63M,0,1.65,1.65,5.539B,11.43B,2.149B,2019-07,4.420B,426.56M,-24.81M,-24.81M,11.43B,627.76M,10.05B,577.78M,3.397B,552.96M,126.41M,6.982B,1.571B,6.749B,21.92B,224.94M,4.919B,4.312B,15.17B,17.00B,10.86B,1.571B,2.730B,61.69M
DG,2019-04,-3.864M,271.11M,4.621B,895.02M,0,1.49,1.48,5.539B,11.15B,2.002B,2019-04,4.110B,385.01M,-25.93M,-25.93M,11.15B,629.86M,9.971B,512.24M,3.062B,486.30M,101.29M,6.623B,1.490B,6.573B,21.30B,226.03M,4.584B,3.957B,14.73B,16.72B,10.77B,1.490B,2.502B,25.16M
DG,2019-01,-3.207M,235.49M,4.578B,1.95M,0,1.85,1.84,5.539B,5.519B,2.072B,2019-01,4.097B,483.24M,-25.06M,-25.06M,2.971B,720.13M,2.863B,638.50M,2.785B,613.44M,130.20M,6.650B,1.433B,6.417B,13.20B,227.07M,4.663B,3.016B,6.787B,8.541B,3.771B,1.433B,2.579B,57.80M
DG,2018-10,-3.451M,260.69M,4.522B,1.929M,0,1.26,1.26,5.539B,0,1.895B,2018-10,3.979B,334.14M,-24.59M,-24.59M,2.922B,583.07M,2.902B,442.14M,2.980B,417.56M,83.42M,6.417B,1.453B,6.356B,13.12B,230.02M,4.630B,2.982B,6.765B,8.491B,3.783B,1.453B,2.342B,114.65M
DG,2018-07,-3.695M,265.29M,4.468B,1.909M,0,1.53,1.52,5.539B,5.175B,1.975B,2018-07,3.896B,407.24M,-25.45M,-25.45M,2.857B,569.69M,2.777B,545.48M,2.914B,519.01M,111.77M,6.443B,1.429B,6.379B,12.94B,232.34M,4.518B,2.916B,6.565B,8.426B,3.649B,1.429B,2.302B,68.35M
DG,2018-04,-3.938M,283.97M,4.252B,1.889M,0,1.36,1.36,5.539B,4.595B,1.862B,2018-04,3.595B,364.85M,-24.77M,-24.77M,2.758B,565.15M,2.862B,490.18M,2.523B,465.41M,100.56M,6.114B,1.372B,6.236B,12.49B,234.11M,4.166B,2.525B,6.257B,8.327B,3.732B,1.372B,2.028B,28.64M
DG,2018-01,-4.181M,267.44M,4.164B,401.34M,0,2.63,2.63,5.539B,0,1.965B,2018-01,3.609B,712.16M,-24.29M,-24.29M,2.701B,626.34M,2.605B,623.45M,2.349B,599.16M,-113.00M,6.129B,1.342B,6.126B,12.52B,235.14M,4.248B,2.965B,6.391B,8.269B,3.426B,1.342B,2.178B,108.26M
DG,2017-10,-4.383M,226.19M,4.137B,401.53M,0,0.93,0.93,5.539B,0,1.766B,2017-10,3.597B,252.53M,-24.00M,-24.00M,2.655B,690.80M,2.720B,417.43M,2.536B,393.44M,140.90M,5.904B,1.349B,5.744B,12.37B,237.60M,4.153B,2.938B,6.631B,8.221B,3.693B,1.349B,1.983B,99.68M
DG,2017-07,-4.584M,214.17M,4.038B,401.40M,0,1.08,1.08,5.539B,0,1.791B,2017-07,3.463B,294.78M,-23.75M,-23.75M,2.575B,659.84M,2.683B,493.15M,2.405B,469.40M,174.62M,5.828B,1.297B,5.687B,12.12B,239.10M,3.980B,2.807B,6.434B,8.141B,3.627B,1.297B,1.884B,44.26M
DG,2017-04,-4.789M,205.98M,3.911B,401.19M,0,1.02,1.02,5.539B,0,1.699B,2017-04,3.300B,279.49M,-25.00M,-25.00M,2.487B,662.48M,2.632B,473.80M,2.291B,445.29M,165.80M,5.610B,1.225B,5.529B,11.80B,239.95M,3.749B,2.692B,6.267B,8.047B,3.575B,1.225B,1.832B,10.49M
DG,2017-01,-4.99M,187.92M,4.108B,500.95M,0,1.5,1.49,5.539B,0,1.901B,2017-01,3.259B,414.18M,-25.51M,-25.51M,2.434B,763.18M,2.711B,680.62M,2.031B,655.11M,240.93M,6.009B,1.220B,5.406B,11.67B,240.81M,3.678B,2.623B,6.266B,7.995B,3.643B,1.220B,1.796B,11.05M
DG,2016-10,-5.206M,200.24M,3.733B,501.48M,0,0.84,0.84,5.539B,0,1.588B,2016-10,3.488B,235.32M,-23.88M,-23.88M,2.388B,637.14M,2.673B,392.99M,2.458B,369.11M,133.80M,5.320B,1.195B,5.362B,11.92B,244.46M,3.969B,2.960B,6.555B,7.949B,3.595B,1.195B,1.954B,54.59M
DG,2016-07,-5.406M,185.03M,3.710B,501.55M,0,1.08,1.08,5.539B,0,1.682B,2016-07,3.271B,306.52M,-24.35M,-24.35M,2.349B,647.37M,2.556B,509.10M,2.218B,484.74M,178.23M,5.392B,1.173B,5.413B,11.62B,246.98M,3.708B,2.719B,6.204B,7.909B,3.485B,1.173B,1.743B,22.98M
DG,2016-04,-5.607M,187.69M,3.653B,1.526M,0,1.03,1.03,5.539B,0,1.613B,2016-04,3.072B,295.12M,-24.08M,-24.08M,2.278B,647.63M,2.990B,480.74M,2.010B,456.66M,161.54M,5.265B,1.132B,5.388B,11.32B,249.10M,3.477B,2.012B,5.928B,7.839B,3.916B,1.132B,1.569B,6.827M
DG,2016-01,-5.807M,157.95M,3.605B,1.379M,16.13M,1.3,1.3,5.540B,4.170B,1.682B,2016-01,3.074B,376.18M,-23.28M,-23.28M,2.264B,750.71M,2.969B,612.43M,1.883B,589.15M,212.98M,5.287B,1.070B,5.378B,11.26B,250.86M,3.432B,1.996B,5.880B,7.825B,3.884B,1.070B,1.664B,6.843M
DG,2015-10,-6.013M,182.51M,3.530B,1.358M,32.31M,0.87,0.86,5.540B,3.754B,1.537B,2015-10,3.102B,253.32M,-21.39M,-21.39M,2.237B,568.24M,3.105B,423.86M,1.974B,402.14M,148.82M,5.067B,1.113B,5.344B,11.29B,254.70M,3.489B,1.992B,5.945B,7.800B,3.953B,1.113B,1.501B,11.88M
DG,2015-07,-6.214M,180.52M,3.508B,101.34M,33.81M,0.95,0.95,5.540B,3.453B,1.588B,2015-07,3.030B,282.35M,-20.70M,-20.70M,2.196B,578.08M,2.762B,475.81M,2.021B,455.11M,172.76M,5.096B,1.112B,5.419B,11.20B,257.97M,3.425B,2.155B,5.776B,7.770B,3.621B,1.112B,1.578B,14.65M
DG,2015-04,-6.569M,225.12M,3.420B,101.31M,38.86M,0.84,0.84,5.540B,0,1.499B,2015-04,2.839B,253.24M,-21.58M,-21.58M,2.135B,598.25M,2.614B,428.19M,1.938B,406.62M,153.38M,4.919B,1.071B,5.386B,10.96B,260.11M,3.245B,2.073B,5.571B,7.712B,3.498B,1.071B,1.544B,4.237M
DG,2015-01,-7.327M,579.82M,3.374B,101.16M,21.43M,1.17,1.17,5.540B,0,1.565B,2015-01,2.783B,355.37M,-21.53M,-21.53M,2.116B,739.05M,2.624B,566.72M,1.783B,545.18M,189.81M,4.939B,998.72M,5.710B,11.21B,265.51M,3.533B,1.962B,5.499B,7.676B,3.536B,998.72M,1.572B,9.786M
