Ticker,Date,Accrued Comprehensive Inc,Cash and Short Term Investments,Cost of Goods Sold,Current Debt & Capital Lease Obligation,EPS Basic,EPS Diluted,Goodwill and Intangibles,Gross PP&E,Gross Profit,Income (Quarterly),Inventories,Net Income,Net Non-Operating Interest Income Expense,Net Operating Interest Income,Net PP&E,Non-Current Deferred Liabilities,Non-Current Portion of LTD and Capital Lease Obligation,Operating Income,Payables and Accrued Expenses,Pre-Tax Income,Provision for Income Taxes,Revenue,SG&A Expense,Shareholders Equity,Total Assets,Total Capital Stock,Total Current Assets,Total Current Liabilities,Total Liabilities,Total Long Term Assets,Total Long Term Liabilities,Total Operating Expenses,Total Payables,Total Receivables
DGX,2021-03,-31.00M,1.23B,1.626B,148.00M,3.52,3.46,8.011B,2.224B,1.094B,2021-03,223.00M,469.00M,-38.00M,-38.00M,2.224B,0,4.513B,660.00M,1.559B,626.00M,153.00M,2.72B,407.00M,6.745B,13.93B,2.00M,2.999B,1.707B,7.141B,10.93B,5.434B,434.00M,565.00M,1.382B
DGX,2020-12,-21.00M,1.158B,1.733B,296.00M,4.28,4.21,8.04B,5.223B,1.269B,2020-12,223.00M,579.00M,-39.00M,-39.00M,2.231B,0,4.512B,795.00M,1.48B,758.00M,191.00M,3.002B,447.00M,6.759B,14.03B,2.00M,3.058B,1.776B,7.217B,10.97B,5.441B,474.00M,368.00M,1.52B
DGX,2020-09,-42.00M,1.605B,1.58B,703.00M,4.2,4.14,8.072B,2.079B,1.206B,2020-09,205.00M,568.00M,-42.00M,-42.00M,2.079B,0,4.446B,718.00M,1.686B,753.00M,177.00M,2.786B,396.00M,6.40B,14.14B,2.00M,3.348B,2.389B,7.697B,10.80B,5.308B,488.00M,324.00M,1.421B
DGX,2020-06,-55.00M,988.00M,1.221B,701.00M,1.38,1.36,7.93B,2.027B,606.00M,2020-06,154.00M,185.00M,-41.00M,-41.00M,2.027B,0,4.436B,283.00M,1.142B,255.00M,66.00M,1.827B,360.00M,5.831B,12.99B,2.00M,2.38B,1.843B,7.109B,10.61B,5.266B,323.00M,0,1.126B
DGX,2020-03,-58.00M,342.00M,1.27B,148.00M,0.74,0.73,7.832B,1.973B,552.00M,2020-03,126.00M,99.00M,-41.00M,-41.00M,1.973B,0,4.442B,175.00M,981.00M,118.00M,26.00M,1.822B,347.00M,5.657B,12.05B,2.00M,1.56B,1.129B,6.346B,10.49B,5.217B,377.00M,0,972.00M
DGX,2019-12,-39.00M,1.192B,1.264B,1.037B,1.88,1.86,7.74B,4.747B,662.00M,2019-12,123.00M,253.00M,-42.00M,-42.00M,1.971B,0,4.379B,363.00M,953.00M,328.00M,72.00M,1.926B,349.00M,5.641B,12.84B,2.00M,2.49B,1.99B,7.156B,10.35B,5.166B,299.00M,0,1.063B
DGX,2019-09,-55.00M,434.00M,1.264B,952.00M,1.59,1.56,7.755B,1.859B,692.00M,2019-09,112.00M,215.00M,-44.00M,-44.00M,1.859B,0,3.593B,313.00M,1.059B,270.00M,62.00M,1.956B,362.00M,5.605B,12.02B,2.00M,1.779B,2.011B,6.365B,10.24B,4.354B,379.00M,0,1.117B
DGX,2019-06,-58.00M,273.00M,1.265B,953.00M,1.67,1.66,7.777B,1.818B,688.00M,2019-06,105.00M,226.00M,-45.00M,-45.00M,1.818B,0,3.582B,307.00M,951.00M,265.00M,63.00M,1.953B,362.00M,5.459B,11.76B,2.00M,1.566B,1.904B,6.251B,10.19B,4.347B,381.00M,0,1.088B
DGX,2019-03,-55.00M,464.00M,1.244B,1.253B,1.22,1.2,7.805B,1.774B,647.00M,2019-03,98.00M,164.00M,-44.00M,-44.00M,1.774B,0,3.524B,248.00M,1.029B,213.00M,50.00M,1.891B,384.00M,5.29B,11.94B,2.00M,1.778B,2.282B,6.596B,10.16B,4.314B,399.00M,0,1.079B
DGX,2018-12,-59.00M,135.00M,1.235B,562.00M,0.93,0.92,7.77B,3.97B,604.00M,2018-12,99.00M,127.00M,-43.00M,-43.00M,1.288B,0,3.429B,220.00M,923.00M,167.00M,40.00M,1.839B,356.00M,5.216B,11.00B,2.00M,1.39B,1.485B,5.736B,9.613B,4.251B,384.00M,0,1.012B
DGX,2018-09,-58.00M,263.00M,1.222B,304.00M,1.56,1.53,7.615B,3.671B,667.00M,2018-09,95.00M,213.00M,-41.00M,-41.00M,1.194B,0,3.394B,304.00M,1.085B,266.00M,48.00M,1.889B,354.00M,5.317B,10.99B,2.00M,1.603B,1.389B,5.621B,9.383B,4.232B,363.00M,301.00M,1.097B
DGX,2018-06,-57.00M,132.00M,1.243B,305.00M,1.6,1.57,7.58B,3.429B,676.00M,2018-06,91.00M,219.00M,-42.00M,-42.00M,1.168B,0,3.408B,305.00M,957.00M,264.00M,42.00M,1.919B,351.00M,5.223B,10.75B,2.00M,1.415B,1.262B,5.484B,9.332B,4.222B,371.00M,298.00M,1.055B
DGX,2018-03,-41.00M,124.00M,1.226B,141.00M,1.3,1.27,7.566B,0,658.00M,2018-03,94.00M,177.00M,-41.00M,-41.00M,1.156B,0,3.718B,272.00M,976.00M,229.00M,52.00M,1.884B,363.00M,5.03B,10.70B,2.00M,1.371B,1.117B,5.629B,9.324B,4.512B,386.00M,0,1.026B
DGX,2017-12,-48.00M,137.00M,1.194B,107.00M,1.86,1.82,7.454B,0,671.00M,2017-12,95.00M,254.00M,-39.00M,-39.00M,1.145B,0,3.748B,269.00M,950.00M,234.00M,-23.00M,1.865B,382.00M,4.921B,10.50B,2.00M,1.306B,1.057B,5.548B,9.197B,4.491B,402.00M,0,924.00M
DGX,2017-09,-48.00M,350.00M,1.19B,5.00M,1.18,1.15,7.193B,0,666.00M,2017-09,100.00M,161.00M,-38.00M,-38.00M,1.097B,0,3.759B,298.00M,1.047B,258.00M,92.00M,1.856B,348.00M,4.794B,10.44B,2.00M,1.544B,1.052B,5.611B,8.895B,4.559B,368.00M,0,960.00M
DGX,2017-06,-60.00M,314.00M,1.17B,5.00M,1.4,1.37,7.029B,0,694.00M,2017-06,83.00M,193.00M,-38.00M,-38.00M,1.045B,0,3.732B,319.00M,912.00M,292.00M,94.00M,1.864B,358.00M,4.697B,10.17B,2.00M,1.50B,917.00M,5.438B,8.671B,4.521B,375.00M,0,947.00M
DGX,2017-03,-68.00M,367.00M,1.165B,6.00M,1.19,1.16,6.934B,0,652.00M,2017-03,77.00M,164.00M,-36.00M,-36.00M,1.027B,0,3.725B,279.00M,979.00M,246.00M,78.00M,1.817B,355.00M,4.63B,10.11B,2.00M,1.558B,985.00M,5.446B,8.551B,4.461B,373.00M,0,960.00M
DGX,2016-12,-72.00M,359.00M,1.16B,36.00M,1.11,1.09,6.949B,0,400.00M,2016-12,82.00M,155.00M,-36.00M,-36.00M,1.029B,0,3.728B,276.00M,945.00M,242.00M,84.00M,1.56B,99.00M,4.628B,10.10B,2.00M,1.531B,981.00M,5.44B,8.569B,4.459B,124.00M,0,926.00M
DGX,2016-09,-61.00M,406.00M,1.157B,7.00M,1.37,1.34,6.972B,0,728.00M,2016-09,82.00M,192.00M,-37.00M,-37.00M,952.00M,0,3.815B,322.00M,1.039B,289.00M,95.00M,1.885B,409.00M,4.663B,10.17B,2.00M,1.642B,1.046B,5.479B,8.531B,4.433B,406.00M,0,966.00M
DGX,2016-06,-56.00M,283.00M,1.155B,7.00M,1.38,1.37,6.986B,0,751.00M,2016-06,80.00M,195.00M,-34.00M,-34.00M,937.00M,0,3.835B,304.00M,1.104B,383.00M,183.00M,1.906B,430.00M,4.537B,10.11B,2.00M,1.51B,1.111B,5.54B,8.599B,4.429B,447.00M,0,975.00M
DGX,2016-03,-40.00M,128.00M,1.144B,158.00M,0.72,0.71,7.004B,3.232B,719.00M,2016-03,82.00M,103.00M,-36.00M,-36.00M,925.00M,0,3.74B,257.00M,932.00M,172.00M,67.00M,1.863B,442.00M,4.636B,10.10B,2.00M,1.493B,1.09B,5.431B,8.604B,4.341B,462.00M,340.00M,952.00M
DGX,2015-12,-38.00M,133.00M,1.15B,159.00M,1.31,1.29,6.889B,3.126B,699.00M,2015-12,84.00M,188.00M,-36.00M,-36.00M,925.00M,0,3.492B,239.00M,1.014B,206.00M,14.00M,1.849B,429.00M,4.684B,9.962B,2.00M,1.501B,1.173B,5.249B,8.461B,4.076B,460.00M,424.00M,901.00M
DGX,2015-09,-31.00M,123.00M,1.162B,160.00M,2.37,2.35,6.899B,2.806B,718.00M,2015-09,86.00M,342.00M,-35.00M,-35.00M,886.00M,0,3.571B,297.00M,973.00M,592.00M,239.00M,1.88B,402.00M,4.589B,10.07B,2.00M,1.648B,1.133B,5.453B,8.426B,4.32B,421.00M,309.00M,914.00M
DGX,2015-06,-25.00M,150.00M,1.182B,168.00M,0.82,0.81,7.009B,0,743.00M,2015-06,109.00M,118.00M,-37.00M,-37.00M,906.00M,0,3.568B,301.00M,1.074B,200.00M,78.00M,1.925B,429.00M,4.314B,9.72B,2.00M,1.53B,1.242B,5.376B,8.19B,4.134B,442.00M,0,937.00M
DGX,2015-03,-30.00M,974.00M,1.163B,1.043B,0.42,0.42,7.027B,0,676.00M,2015-03,106.00M,61.00M,-45.00M,-45.00M,902.00M,0,3.688B,228.00M,1.046B,105.00M,42.00M,1.839B,419.00M,4.243B,10.61B,2.00M,2.375B,2.089B,6.342B,8.238B,4.253B,448.00M,0,949.00M
DGX,2014-12,-27.00M,192.00M,1.184B,518.00M,1.3,1.29,7.103B,0,699.00M,2014-12,110.00M,190.00M,-42.00M,-42.00M,933.00M,0,3.224B,257.00M,1.191B,216.00M,28.00M,1.883B,427.00M,4.301B,9.857B,2.00M,1.603B,1.709B,5.527B,8.254B,3.818B,442.00M,0,932.00M
DGX,2014-09,-15.00M,170.00M,1.178B,132.00M,0.89,0.88,7.121B,0,726.00M,2014-09,111.00M,129.00M,-41.00M,-41.00M,888.00M,0,3.732B,256.00M,1.058B,214.00M,82.00M,1.904B,446.00M,4.182B,9.801B,2.00M,1.563B,1.19B,5.591B,8.238B,4.401B,470.00M,0,953.00M
DGX,2014-06,-8.00M,144.00M,1.174B,220.00M,0.92,0.92,7.141B,0,728.00M,2014-06,109.00M,133.00M,-42.00M,-42.00M,884.00M,0,3.738B,262.00M,1.038B,229.00M,87.00M,1.902B,440.00M,4.092B,9.757B,2.00M,1.505B,1.258B,5.638B,8.252B,4.38B,466.00M,0,963.00M
DGX,2014-03,-11.00M,144.00M,1.101B,223.00M,0.72,0.71,6.998B,0,645.00M,2014-03,99.00M,104.00M,-39.00M,-39.00M,851.00M,0,3.724B,208.00M,969.00M,176.00M,65.00M,1.746B,415.00M,3.992B,9.55B,2.00M,1.488B,1.192B,5.53B,8.062B,4.338B,437.00M,0,977.00M
DGX,2013-12,-8.00M,187.00M,1.051B,212.00M,0.97,0.97,6.545B,0,705.00M,2013-12,91.00M,143.00M,-39.00M,-39.00M,805.00M,0,3.12B,270.00M,920.00M,214.00M,87.00M,1.756B,415.00M,3.948B,8.948B,2.00M,1.383B,1.132B,4.975B,7.565B,3.843B,435.00M,0,852.00M
DGX,2013-09,-7.988M,158.28M,1.089B,244.70M,2.7,2.68,6.533B,2.624B,699.00M,2013-09,85.19M,405.00M,-40.00M,-40.00M,749.36M,0,3.122B,215.00M,994.29M,657.00M,245.00M,1.788B,423.00M,3.843B,8.928B,2.154M,1.426B,1.239B,5.056B,7.502B,3.817B,484.00M,282.00M,920.83M
DGX,2013-06,-12.77M,148.34M,1.094B,374.76M,1.07,1.07,6.595B,2.543B,721.00M,2013-06,89.44M,165.00M,-40.00M,-40.00M,751.81M,0,3.122B,289.00M,915.93M,256.00M,95.00M,1.815B,418.00M,3.912B,9.036B,2.154M,1.470B,1.291B,5.098B,7.566B,3.807B,432.00M,219.93M,946.75M
DGX,2013-03,10.10M,133.60M,1.092B,254.42M,0.86,0.85,6.530B,0,695.00M,2013-03,89.82M,136.00M,-40.00M,-40.00M,753.94M,0,3.147B,227.00M,935.02M,197.00M,73.00M,1.787B,448.00M,4.200B,9.306B,2.153M,1.457B,1.208B,5.079B,7.849B,3.871B,468.00M,0,929.97M
DGX,2012-12,14.00M,296.00M,1.073B,10.00M,0.35,0.34,6.408B,0,701.31M,2012-12,93.00M,56.10M,-40.34M,-40.34M,756.00M,0,3.354B,265.21M,1.016B,231.22M,81.73M,1.774B,420.81M,4.163B,9.284B,2.00M,1.561B,1.048B,5.098B,7.723B,4.05B,436.10M,0,867.00M
DGX,2012-09,13.97M,191.77M,1.081B,154.65M,1.02,1.01,6.840B,0,740.73M,2012-09,94.51M,163.08M,-40.81M,-40.81M,782.81M,0,3.376B,304.62M,915.99M,270.98M,103.98M,1.822B,416.85M,4.171B,9.319B,2.151M,1.472B,1.071B,5.121B,7.846B,4.050B,436.11M,0,930.73M
DGX,2012-06,-8.369M,173.74M,1.102B,444.50M,1.12,1.11,6.839B,0,776.43M,2012-06,90.10M,177.70M,-41.75M,-41.75M,788.63M,0,3.378B,333.35M,880.22M,297.72M,113.73M,1.878B,424.08M,3.995B,9.393B,2.151M,1.477B,1.325B,5.372B,7.916B,4.047B,443.08M,0,941.47M
DGX,2012-03,10.56M,145.44M,1.109B,554.36M,1,0.99,6.877B,0,799.53M,2012-03,88.26M,159.12M,-42.10M,-42.10M,781.43M,0,3.365B,297.82M,971.09M,268.08M,102.56M,1.909B,483.25M,3.869B,9.451B,2.151M,1.519B,1.525B,5.555B,7.933B,4.030B,501.71M,0,973.89M
DGX,2011-12,-8.067M,164.89M,1.045B,654.40M,1.2,1.18,6.831B,0,715.78M,2011-12,89.13M,189.87M,-42.08M,-42.08M,799.77M,0,3.371B,317.13M,906.76M,285.00M,98.89M,1.761B,385.76M,3.693B,9.313B,2.146M,1.401B,1.561B,5.598B,7.912B,4.037B,398.65M,0,906.46M
DGX,2011-09,-5.444M,110.82M,1.117B,835.91M,1.08,1.07,6.851B,0,789.83M,2011-09,84.95M,171.85M,-43.41M,-43.41M,806.04M,0,3.368B,322.05M,928.16M,283.27M,101.13M,1.906B,446.60M,3.522B,9.326B,2.146M,1.396B,1.764B,5.782B,7.930B,4.017B,467.78M,0,936.26M
DGX,2011-06,34.04M,184.22M,1.104B,994.68M,1.03,1.02,6.899B,0,798.81M,2011-06,87.97M,163.14M,-46.58M,-46.58M,820.59M,0,3.333B,316.85M,998.68M,277.80M,105.76M,1.903B,462.79M,3.429B,9.431B,2.146M,1.478B,1.993B,5.981B,7.953B,3.987B,481.95M,0,929.37M
