Ticker,Date,Accrued Comprehensive Inc,Cash and Short Term Investments,Cost of Goods Sold,Current Debt & Capital Lease Obligation,Current Deferred Liabilities,EPS Basic,EPS Diluted,Goodwill and Intangibles,Gross PP&E,Gross Profit,Income (Quarterly),Inventories,Net Income,Net Non-Operating Interest Income Expense,Net Operating Interest Income,Net PP&E,Non-Current Deferred Liabilities,Non-Current Portion of LTD and Capital Lease Obligation,Operating Income,Payables and Accrued Expenses,Pre-Tax Income,Provision for Income Taxes,Research and Development Expense,Revenue,SG&A Expense,Shareholders Equity,Total Assets,Total Capital Stock,Total Current Assets,Total Current Liabilities,Total Liabilities,Total Long Term Assets,Total Long Term Liabilities,Total Operating Expenses,Total Payables,Total Receivables
DHR,2021-03,-1.322B,6.33B,2.605B,10.00M,1.212B,2.33,2.29,55.27B,6.478B,4.253B,2021-03,2.424B,1.702B,-54.00M,-54.00M,3.266B,205.00M,20.27B,1.997B,6.814B,2.083B,381.00M,380.00M,6.858B,1.876B,40.42B,75.43B,3.277B,14.01B,6.824B,35.00B,61.41B,28.17B,2.256B,1.989B,3.949B
DHR,2020-12,-368.00M,6.035B,2.806B,200.00M,688.00M,1.69,1.66,56.70B,6.444B,3.954B,2020-12,2.292B,1.240B,-69.00M,-69.00M,3.262B,118.00M,21.98B,1.601B,3.706B,1.542B,301.40M,395.80M,6.760B,1.957B,39.77B,76.16B,3.277B,13.80B,7.402B,36.38B,62.36B,28.98B,2.353B,2.601B,4.045B
DHR,2020-09,-1.021B,5.688B,2.658B,19.70M,626.80M,1.18,1.16,55.12B,6.091B,3.226B,2020-09,2.422B,883.50M,-72.50M,-72.50M,3.052B,109.80M,21.81B,1.088B,6.019B,1.022B,138.00M,342.60M,5.883B,1.795B,37.96B,72.89B,3.276B,12.54B,6.038B,34.92B,60.35B,28.88B,2.138B,1.678B,3.496B
DHR,2020-06,-1.863B,5.539B,2.445B,17.20M,0,1.27,1.24,53.67B,5.854B,2.853B,2020-06,2.593B,927.30M,-77.60M,-77.60M,2.973B,0,22.37B,844.60M,5.583B,1.221B,293.60M,322.60M,5.297B,1.685B,36.26B,71.27B,3.276B,12.34B,5.600B,35.00B,58.92B,29.40B,2.008B,1.599B,3.378B
DHR,2020-03,-2.791B,4.368B,1.90B,3.234B,0,0.83,0.81,52.24B,5.728B,2.443B,2020-03,2.575B,595.00M,15.00M,15.00M,2.988B,0,22.74B,698.00M,5.231B,711.00M,116.00M,287.00M,4.343B,1.458B,31.06B,68.93B,1.608B,11.14B,8.466B,37.86B,57.79B,29.40B,1.745B,1.748B,3.433B
DHR,2019-12,-3.068B,19.91B,2.164B,370.00M,0,1.75,1.73,32.46B,5.063B,2.704B,2019-12,1.628B,1.275B,23.20M,23.20M,2.302B,0,22.16B,961.30M,2.565B,975.20M,182.60M,293.80M,4.868B,1.449B,30.27B,62.08B,1.608B,25.60B,4.932B,31.80B,36.49B,26.87B,1.743B,1.871B,3.191B
DHR,2019-09,-3.088B,14.25B,1.937B,1.069B,0,0.9,0.89,36.87B,5.543B,2.441B,2019-09,2.024B,668.00M,6.10M,6.10M,2.520B,0,16.54B,776.30M,4.865B,786.60M,155.90M,282.60M,4.378B,1.382B,32.50B,61.53B,1.608B,20.35B,5.934B,28.34B,41.18B,22.40B,1.665B,1.607B,3.467B
DHR,2019-06,-2.844B,5.434B,1.961B,153.70M,0,0.99,0.97,37.50B,5.541B,2.484B,2019-06,2.056B,731.30M,6.50M,6.50M,2.542B,0,10.14B,811.70M,4.854B,823.20M,146.80M,282.10M,4.444B,1.39B,32.20B,53.32B,1.608B,11.60B,5.008B,21.11B,41.72B,16.10B,1.672B,1.664B,3.482B
DHR,2019-03,-2.796B,3.91B,1.865B,36.60M,0,0.46,0.46,37.54B,5.410B,2.355B,2019-03,2.028B,333.80M,-4.80M,-4.80M,2.504B,0,9.458B,719.70M,4.596B,720.00M,387.70M,267.50M,4.220B,1.368B,31.56B,51.77B,1.608B,10.08B,4.633B,20.21B,41.69B,15.57B,1.635B,1.676B,3.409B
DHR,2018-12,-2.791B,787.80M,1.166B,51.80M,0,1.06,1.05,32.86B,4.703B,1.354B,2018-12,1.631B,746.90M,-11.10M,-11.10M,2.250B,0,9.688B,613.80M,2.474B,612.50M,110.60M,147.40M,2.520B,592.60M,28.21B,47.83B,8.20M,7.094B,4.842B,19.61B,40.74B,14.76B,740.00M,1.781B,3.030B
DHR,2018-09,-2.636B,776.20M,2.163B,59.80M,666.00M,0.95,0.93,37.85B,5.202B,2.690B,2018-09,2.029B,663.70M,-38.50M,-38.50M,2.462B,104.90M,10.56B,830.70M,4.406B,801.30M,137.60M,301.20M,4.853B,1.559B,27.67B,47.72B,8.20M,6.830B,4.465B,20.03B,40.89B,15.57B,1.860B,1.570B,3.323B
DHR,2018-06,-2.479B,904.00M,2.164B,175.10M,539.80M,0.96,0.95,38.10B,5.182B,2.817B,2018-06,1.980B,673.80M,-40.70M,-40.70M,2.493B,92.70M,11.15B,867.50M,4.430B,835.10M,161.30M,311.70M,4.981B,1.638B,27.21B,48.06B,8.20M,6.913B,4.605B,20.83B,41.14B,16.23B,1.950B,1.587B,3.297B
DHR,2018-03,-1.845B,1.046B,2.052B,98.70M,0,0.81,0.8,37.02B,5.128B,2.644B,2018-03,1.949B,566.60M,-37.70M,-37.70M,2.476B,0,10.41B,743.00M,4.344B,713.10M,146.50M,298.70M,4.695B,1.602B,27.19B,47.15B,8.10M,7.075B,4.443B,19.94B,40.07B,15.50B,1.901B,1.579B,3.271B
DHR,2017-12,-1.994B,630.30M,1.057B,194.70M,0,1.23,1.21,36.81B,4.974B,1.218B,2017-12,1.841B,856.60M,-17.30M,-17.30M,2.455B,0,10.33B,519.40M,2.719B,583.40M,24.40M,126.50M,2.275B,572.00M,26.36B,46.65B,8.10M,6.85B,4.792B,20.28B,39.80B,15.49B,698.50M,1.896B,3.522B
DHR,2017-09,-2.152B,648.60M,1.991B,182.20M,0,0.82,0.81,36.48B,4.798B,2.537B,2017-09,1.892B,572.10M,-37.70M,-37.70M,2.425B,0,10.73B,759.20M,4.205B,729.80M,157.70M,279.20M,4.528B,1.498B,25.38B,45.85B,8.10M,6.260B,4.388B,20.47B,39.59B,16.08B,1.778B,1.502B,3.255B
DHR,2017-06,-2.414B,726.40M,2.028B,169.50M,0,0.8,0.79,36.27B,4.649B,2.482B,2017-06,1.792B,557.30M,-38.90M,-38.90M,2.423B,0,11.42B,676.70M,4.033B,644.80M,87.50M,283.30M,4.510B,1.522B,24.59B,45.65B,8.10M,6.257B,4.203B,21.05B,39.39B,16.85B,1.806B,1.427B,3.215B
DHR,2017-03,-2.705B,803.90M,1.871B,2.221B,0,0.73,0.72,35.83B,4.499B,2.334B,2017-03,1.765B,506.10M,-38.70M,-38.70M,2.409B,0,9.729B,617.00M,3.782B,585.20M,101.40M,267.40M,4.206B,1.450B,23.79B,45.25B,8.10M,6.319B,6.003B,21.45B,38.93B,15.45B,1.717B,1.402B,3.035B
DHR,2016-12,-3.022B,963.70M,2.084B,2.595B,0,1.08,1.07,35.64B,4.317B,2.50B,2016-12,1.709B,747.00M,-32.20M,-32.20M,2.354B,0,9.674B,712.90M,2.590B,696.40M,-50.60M,268.00M,4.584B,1.519B,23.00B,45.30B,8.10M,6.665B,6.874B,22.22B,38.63B,15.34B,1.787B,1.779B,3.186B
DHR,2016-09,-2.122B,971.40M,1.846B,809.10M,0,0.57,0.56,31.89B,4.243B,2.286B,2016-09,1.712B,391.60M,-43.60M,-43.60M,2.255B,0,7.503B,699.10M,3.954B,476.70M,74.10M,241.10M,4.132B,1.346B,23.19B,41.30B,8.10M,6.493B,4.763B,18.03B,34.80B,13.27B,1.587B,1.354B,3.082B
DHR,2016-06,-2.391B,4.098B,1.861B,2.644B,0,0.95,0.94,36.46B,5.708B,2.381B,2016-06,2.240B,656.70M,-55.50M,-55.50M,2.785B,0,12.01B,710.10M,5.381B,654.60M,236.60M,239.90M,4.242B,1.431B,25.05B,51.50B,8.10M,11.23B,8.026B,26.38B,40.27B,18.36B,1.671B,1.993B,3.995B
DHR,2016-03,-2.236B,664.30M,1.757B,197.00M,457.00M,1.1,1.09,36.75B,5.734B,2.167B,2016-03,2.238B,758.40M,-52.90M,-52.90M,2.872B,76.50M,12.19B,613.10M,5.124B,783.60M,197.80M,226.10M,3.924B,1.328B,24.50B,48.39B,8.00M,7.747B,5.321B,23.81B,40.64B,18.49B,1.554B,1.919B,3.871B
DHR,2015-12,-2.311B,790.80M,2.066B,845.20M,573.10M,1,0.99,31.56B,3.990B,2.257B,2015-12,1.573B,688.60M,-50.70M,-50.70M,2.303B,151.80M,12.03B,651.60M,2.532B,600.90M,79.90M,236.10M,4.323B,1.370B,23.69B,48.22B,8.00M,7.837B,6.170B,24.46B,40.39B,18.29B,1.606B,1.773B,2.985B
DHR,2015-09,-2.199B,1.834B,1.619B,3.489B,686.50M,2.04,2.01,36.82B,5.467B,1.893B,2015-09,2.341B,1.403B,-38.50M,-38.50M,2.792B,170.20M,11.52B,480.00M,5.094B,453.90M,74.00M,212.20M,3.512B,1.201B,23.11B,49.71B,8.00M,8.932B,8.626B,26.52B,40.78B,17.90B,1.413B,1.819B,3.906B
DHR,2015-06,-2.032B,3.342B,2.316B,110.10M,0,0.98,0.97,24.03B,4.841B,2.644B,2015-06,1.912B,695.70M,-26.70M,-26.70M,2.161B,0,3.053B,934.40M,4.946B,907.70M,192.20M,304.60M,4.960B,1.405B,24.10B,36.99B,8.00M,9.654B,5.056B,12.81B,27.33B,7.759B,1.710B,1.744B,3.565B
DHR,2015-03,-2.108B,2.511B,2.226B,123.70M,0,0.81,0.79,24.07B,4.713B,2.468B,2015-03,1.897B,569.80M,-27.00M,-27.00M,2.136B,0,3.054B,755.10M,4.829B,728.10M,170.10M,299.40M,4.695B,1.414B,23.32B,36.07B,8.00M,8.774B,4.953B,12.68B,27.30B,7.729B,1.713B,1.732B,3.447B
DHR,2014-12,-1.434B,3.006B,-682.20M,71.90M,0,0.94,0.92,22.73B,4.709B,-380.70M,2014-12,1.783B,661.70M,-0.20M,-0.20M,2.172B,0,3.402B,-434.80M,3.276B,-369.80M,-114.90M,-86.90M,-1.063B,141.00M,23.38B,36.99B,7.90M,9.431B,5.396B,13.54B,27.56B,8.146B,54.10M,2.415B,3.446B
DHR,2014-09,-379.80M,4.025B,2.255B,71.40M,0,0.97,0.95,22.19B,4.681B,2.452B,2014-09,1.874B,680.60M,-26.00M,-26.00M,2.162B,0,2.965B,866.20M,4.400B,878.40M,197.10M,288.10M,4.707B,1.298B,23.74B,35.54B,7.90M,9.990B,4.471B,11.73B,25.55B,7.255B,1.586B,1.684B,3.498B
DHR,2014-06,305.80M,3.321B,2.343B,49.00M,0,0.96,0.95,22.77B,4.756B,2.620B,2014-06,1.894B,676.40M,-29.50M,-29.50M,2.232B,0,3.02B,889.30M,4.358B,879.00M,202.60M,336.40M,4.964B,1.394B,23.72B,35.65B,7.90M,9.507B,4.407B,11.86B,26.14B,7.456B,1.731B,1.735B,3.632B
DHR,2014-03,218.60M,3.346B,2.210B,64.10M,0,0.83,0.81,22.36B,4.594B,2.453B,2014-03,1.871B,579.70M,-27.60M,-27.60M,2.183B,0,3.423B,788.90M,4.240B,761.30M,181.60M,313.40M,4.663B,1.351B,22.96B,35.04B,7.90M,9.404B,4.304B,12.01B,25.64B,7.709B,1.664B,1.685B,3.468B
DHR,2013-12,214.50M,3.115B,2.336B,62.30M,0,1.13,1.11,22.29B,4.511B,2.096B,2013-12,1.784B,789.30M,-25.80M,-25.80M,2.211B,0,3.437B,733.60M,2.713B,909.30M,224.40M,186.70M,4.432B,1.176B,22.39B,34.67B,7.90M,9.114B,4.527B,12.22B,25.56B,7.693B,1.362B,2.003B,3.452B
DHR,2013-09,-25.20M,1.996B,2.244B,56.50M,730.00M,0.86,0.84,22.37B,4.441B,2.425B,2013-09,1.966B,597.00M,-33.60M,-33.60M,2.179B,105.20M,3.446B,812.40M,4.223B,778.80M,181.80M,309.10M,4.669B,1.303B,21.30B,33.72B,7.80M,8.024B,4.279B,12.35B,25.70B,8.071B,1.612B,1.684B,3.373B
DHR,2013-06,-378.60M,2.325B,2.242B,53.90M,645.00M,0.89,0.87,21.73B,4.296B,2.496B,2013-06,1.911B,616.80M,-37.80M,-37.80M,2.149B,75.70M,4.101B,843.60M,4.079B,805.80M,189.00M,312.20M,4.738B,1.340B,20.30B,33.11B,7.80M,8.231B,4.132B,12.74B,24.88B,8.612B,1.652B,1.621B,3.281B
DHR,2013-03,-268.00M,2.151B,2.119B,67.00M,0,1,0.98,21.51B,4.149B,2.326B,2013-03,1.866B,691.90M,-38.30M,-38.30M,2.110B,0,4.404B,730.90M,3.860B,922.40M,230.50M,296.40M,4.445B,1.298B,19.68B,32.47B,7.80M,7.91B,3.926B,12.72B,24.56B,8.794B,1.595B,1.534B,3.118B
DHR,2012-12,-59.20M,1.679B,2.430B,55.50M,0,0.91,0.89,21.81B,4.103B,2.545B,2012-12,1.813B,630.40M,-39.70M,-39.70M,2.141B,0,5.288B,844.10M,2.413B,823.40M,193.00M,294.70M,4.975B,1.406B,19.02B,32.94B,7.70M,7.588B,4.206B,13.86B,25.35B,9.651B,1.701B,1.741B,3.267B
DHR,2012-09,149.87M,1.541B,2.138B,55.06M,0,0.79,0.77,21.16B,3.934B,2.278B,2012-09,1.882B,548.70M,-38.70M,-38.70M,2.063B,0,4.659B,737.30M,3.880B,717.10M,168.40M,289.50M,4.416B,1.251B,18.89B,31.59B,7.718M,6.908B,3.935B,12.63B,24.68B,8.698B,1.541B,1.493B,2.985B
DHR,2012-06,-74.94M,1.118B,2.198B,55.41M,0,0.86,0.84,21.10B,3.836B,2.356B,2012-06,1.856B,600.20M,-37.20M,-37.20M,2.065B,0,4.848B,793.30M,3.974B,774.10M,173.90M,283.60M,4.554B,1.279B,18.30B,31.17B,7.696M,6.610B,4.030B,12.80B,24.56B,8.773B,1.562B,1.511B,3.094B
DHR,2012-03,147.44M,1.043B,2.081B,63.11M,0,0.89,0.86,20.44B,3.891B,2.236B,2012-03,1.889B,612.90M,-38.70M,-38.70M,2.105B,0,4.863B,720.50M,3.849B,696.20M,176.20M,270.10M,4.316B,1.245B,17.82B,30.42B,7.668M,6.543B,3.913B,12.53B,23.88B,8.617B,1.515B,1.466B,2.996B
DHR,2011-12,-36.90M,537.00M,2.390B,98.40M,0,0.83,0.81,20.31B,3.767B,2.327B,2011-12,1.781B,570.75M,-37.07M,-37.07M,2.101B,0,5.207B,712.44M,2.362B,742.15M,178.58M,282.09M,4.717B,1.288B,16.90B,29.95B,7.60M,6.272B,4.172B,12.98B,23.68B,8.806B,1.615B,1.656B,3.050B
DHR,2011-09,185.11M,484.37M,2.263B,82.28M,0,0.76,0.74,20.47B,3.788B,2.183B,2011-09,1.971B,523.43M,-41.97M,-41.97M,2.151B,0,5.813B,643.16M,4.041B,568.30M,52.89M,287.51M,4.446B,1.268B,16.50B,30.62B,7.596M,6.315B,4.124B,14.06B,24.30B,9.933B,1.540B,1.467B,3.007B
DHR,2011-06,737.84M,551.58M,1.718B,47.93M,0,0.97,0.94,20.95B,3.809B,1.918B,2011-06,2.065B,648.76M,-29.13M,-29.13M,2.226B,0,6.525B,595.50M,4.233B,580.82M,141.28M,233.67M,3.636B,1.088B,16.49B,31.51B,7.585M,6.555B,4.281B,14.96B,24.96B,10.68B,1.322B,1.515B,3.099B
