Ticker,Date,Accrued Comprehensive Inc,Cash and Short Term Investments,Cost of Goods Sold,Current Debt & Capital Lease Obligation,Current Deferred Liabilities,EPS Basic,EPS Diluted,Goodwill and Intangibles,Gross PP&E,Gross Profit,Income (Quarterly),Net Income,Net Non-Operating Interest Income Expense,Net Operating Interest Income,Net PP&E,Non-Current Deferred Liabilities,Non-Current Portion of LTD and Capital Lease Obligation,Operating Income,Payables and Accrued Expenses,Pre-Tax Income,Provision for Income Taxes,Revenue,SG&A Expense,Shareholders Equity,Total Assets,Total Capital Stock,Total Current Assets,Total Current Liabilities,Total Liabilities,Total Long Term Assets,Total Long Term Liabilities,Total Operating Expenses,Total Payables,Total Receivables
DISCA,2020-12,-651.00M,2.091B,1.129B,335.00M,557.00M,0.42,0.42,24.15B,2.569B,1.757B,2020-12,271.00M,-159.00M,-159.00M,1.206B,1.534B,15.07B,590.00M,2.19B,416.00M,98.00M,2.886B,809.00M,10.46B,34.09B,7.00M,6.13B,3.082B,22.09B,27.96B,19.00B,1.167B,925.00M,2.537B
DISCA,2020-09,-898.00M,1.893B,1.003B,336.00M,435.00M,0.44,0.44,24.19B,2.099B,1.558B,2020-09,300.00M,-160.00M,-160.00M,1.125B,1.503B,14.98B,584.00M,1.985B,319.00M,-11.00M,2.561B,633.00M,10.09B,33.44B,7.00M,5.478B,2.756B,21.84B,27.96B,19.08B,974.00M,403.00M,2.444B
DISCA,2020-06,-1.021B,1.683B,810.00M,339.00M,263.00M,0.4,0.4,24.62B,1.993B,1.731B,2020-06,271.00M,-160.00M,-160.00M,1.088B,1.463B,14.94B,762.00M,1.974B,456.00M,156.00M,2.541B,635.00M,9.867B,33.09B,7.00M,4.717B,2.576B,21.73B,28.37B,19.16B,969.00M,367.00M,2.473B
DISCA,2020-03,-1.122B,1.453B,918.00M,607.00M,376.00M,0.55,0.55,25.05B,0,1.765B,2020-03,377.00M,-163.00M,-163.00M,1.04B,1.55B,15.27B,794.00M,1.892B,537.00M,130.00M,2.683B,645.00M,9.47B,33.39B,7.00M,4.626B,2.875B,22.43B,28.76B,19.55B,971.00M,421.00M,2.564B
DISCA,2019-12,-822.00M,1.552B,1.037B,609.00M,489.00M,0.68,0.67,24.85B,0,1.837B,2019-12,476.00M,-158.00M,-158.00M,951.00M,1.691B,14.81B,711.00M,2.141B,563.00M,52.00M,2.874B,793.00M,9.891B,33.74B,7.00M,5.217B,3.239B,22.21B,28.52B,18.97B,1.126B,919.00M,2.633B
DISCA,2019-09,-1.029B,813.00M,914.00M,611.00M,384.00M,0.35,0.35,24.95B,0,1.764B,2019-09,262.00M,-154.00M,-154.00M,856.00M,1.624B,14.76B,782.00M,1.842B,444.00M,147.00M,2.678B,660.00M,9.518B,32.82B,7.00M,4.313B,2.837B,21.69B,28.51B,18.86B,982.00M,380.00M,2.695B
DISCA,2019-06,-913.00M,1.321B,938.00M,1.686B,293.00M,1.33,1.33,25.65B,0,1.947B,2019-06,947.00M,-161.00M,-161.00M,828.00M,1.656B,14.82B,918.00M,1.895B,716.00M,-271.00M,2.885B,709.00M,9.621B,33.84B,7.00M,4.932B,3.874B,22.62B,28.91B,18.75B,1.029B,325.00M,2.854B
DISCA,2019-03,-895.00M,745.00M,930.00M,1.387B,236.00M,0.53,0.53,25.50B,0,1.777B,2019-03,384.00M,-182.00M,-182.00M,802.00M,1.70B,14.96B,779.00M,1.852B,571.00M,153.00M,2.707B,626.00M,8.708B,32.44B,7.00M,4.025B,3.475B,22.14B,28.42B,18.67B,998.00M,314.00M,2.625B
DISCA,2018-12,-785.00M,986.00M,946.00M,1.819B,249.00M,0.38,0.38,25.75B,0,1.863B,2018-12,269.00M,-171.00M,-171.00M,800.00M,1.811B,14.97B,809.00M,1.929B,494.00M,195.00M,2.809B,657.00M,8.386B,32.55B,7.00M,4.231B,3.997B,22.45B,28.32B,18.45B,1.054B,709.00M,2.62B
DISCA,2018-09,-764.00M,531.00M,934.00M,1.653B,304.00M,0.16,0.16,26.29B,0,1.658B,2018-09,117.00M,-185.00M,-185.00M,810.00M,1.901B,15.83B,593.00M,1.864B,178.00M,43.00M,2.592B,667.00M,8.116B,32.91B,6.00M,3.914B,3.86B,23.09B,29.00B,19.23B,1.065B,751.00M,2.791B
DISCA,2018-06,-790.00M,392.00M,995.00M,646.00M,277.00M,0.3,0.3,26.74B,1.901B,1.85B,2018-06,216.00M,-196.00M,-196.00M,784.00M,1.968B,17.68B,753.00M,1.745B,367.00M,123.00M,2.845B,687.00M,7.936B,33.49B,6.00M,3.906B,2.696B,23.87B,29.59B,21.17B,1.097B,642.00M,2.747B
DISCA,2018-03,-613.00M,812.00M,1.06B,153.00M,299.00M,-0.01,-0.01,27.25B,1.614B,1.247B,2018-03,-8.00M,-162.00M,-162.00M,928.00M,1.994B,19.21B,445.00M,1.995B,-17.00M,-20.00M,2.307B,609.00M,7.889B,34.66B,6.00M,4.521B,2.465B,25.06B,30.14B,22.60B,802.00M,692.00M,2.654B
DISCA,2017-12,-585.00M,7.309B,745.00M,30.00M,255.00M,-1.99,-1.99,11.06B,0,1.119B,2017-12,-1.144B,-136.00M,-136.00M,597.00M,319.00M,14.76B,522.00M,1.586B,-1.05B,87.00M,1.864B,507.00M,4.61B,22.56B,5.00M,9.991B,1.871B,17.94B,12.56B,16.07B,597.00M,496.00M,1.838B
DISCA,2017-09,-586.00M,6.994B,670.00M,32.00M,238.00M,0.38,0.38,11.88B,0,981.00M,2017-09,218.00M,-136.00M,-136.00M,523.00M,306.00M,14.68B,444.00M,1.333B,164.00M,-59.00M,1.651B,457.00M,5.74B,23.14B,5.00M,9.477B,1.615B,17.40B,13.67B,15.79B,537.00M,511.00M,1.652B
DISCA,2017-06,-617.00M,206.00M,634.00M,105.00M,193.00M,0.65,0.64,11.67B,0,1.111B,2017-06,374.00M,-91.00M,-91.00M,514.00M,370.00M,8.158B,642.00M,1.152B,473.00M,93.00M,1.745B,389.00M,5.526B,16.15B,7.00M,2.77B,1.466B,10.62B,13.38B,9.157B,469.00M,441.00M,1.758B
DISCA,2017-03,-704.00M,267.00M,607.00M,132.00M,194.00M,0.37,0.37,11.60B,0,1.006B,2017-03,215.00M,-91.00M,-91.00M,504.00M,429.00M,7.97B,511.00M,1.188B,276.00M,55.00M,1.613B,415.00M,5.335B,15.86B,7.00M,2.591B,1.534B,10.53B,13.27B,8.993B,495.00M,415.00M,1.56B
DISCA,2016-12,-762.00M,300.00M,645.00M,82.00M,163.00M,0.52,0.52,11.64B,0,1.027B,2016-12,304.00M,-86.00M,-86.00M,482.00M,467.00M,7.841B,481.00M,1.285B,460.00M,151.00M,1.672B,463.00M,5.167B,15.67B,7.00M,2.502B,1.561B,10.50B,13.17B,8.944B,546.00M,448.00M,1.495B
DISCA,2016-09,-643.00M,224.00M,592.00M,95.00M,180.00M,0.37,0.36,11.92B,0,964.00M,2016-09,219.00M,-91.00M,-91.00M,464.00M,536.00M,7.901B,465.00M,1.22B,321.00M,96.00M,1.556B,419.00M,5.204B,15.85B,7.00M,2.683B,1.522B,10.65B,13.17B,9.124B,499.00M,414.00M,1.545B
DISCA,2016-06,-680.00M,185.00M,603.00M,130.00M,167.00M,0.66,0.66,11.88B,0,1.105B,2016-06,408.00M,-91.00M,-91.00M,455.00M,468.00M,7.809B,625.00M,1.123B,510.00M,95.00M,1.708B,400.00M,5.345B,15.69B,7.00M,2.548B,1.442B,10.34B,13.14B,8.903B,480.00M,399.00M,1.574B
DISCA,2016-03,-614.00M,333.00M,592.00M,25.00M,205.00M,0.42,0.42,11.95B,0,969.00M,2016-03,263.00M,-85.00M,-85.00M,466.00M,510.00M,7.965B,482.00M,1.121B,380.00M,111.00M,1.561B,408.00M,5.366B,15.88B,7.00M,2.667B,1.375B,10.51B,13.21B,9.137B,487.00M,401.00M,1.52B
DISCA,2015-12,-633.00M,390.00M,640.00M,119.00M,190.00M,0.34,0.34,11.92B,1.561B,1.006B,2015-12,219.00M,-82.00M,-82.00M,488.00M,556.00M,7.616B,474.00M,1.265B,343.00M,117.00M,1.646B,445.00M,5.451B,15.86B,7.00M,2.596B,1.579B,10.41B,13.27B,8.834B,532.00M,529.00M,1.479B
DISCA,2015-09,-508.00M,262.00M,574.00M,116.00M,237.00M,0.43,0.43,12.02B,1.542B,983.00M,2015-09,279.00M,-82.00M,-82.00M,500.00M,589.00M,6.941B,509.00M,1.199B,413.00M,130.00M,1.557B,394.00M,5.645B,15.92B,7.00M,2.719B,2.108B,10.27B,13.20B,8.165B,474.00M,496.00M,1.709B
DISCA,2015-06,-460.00M,232.00M,564.00M,349.00M,181.00M,0.44,0.44,12.03B,1.397B,1.09B,2015-06,286.00M,-77.00M,-77.00M,509.00M,494.00M,6.856B,578.00M,1.169B,428.00M,139.00M,1.654B,430.00M,5.485B,15.73B,7.00M,2.468B,1.712B,10.24B,13.26B,8.531B,512.00M,542.00M,1.505B
DISCA,2015-03,-569.00M,321.00M,565.00M,453.00M,175.00M,0.38,0.37,12.00B,0,972.00M,2015-03,250.00M,-89.00M,-89.00M,534.00M,532.00M,7.036B,491.00M,1.127B,375.00M,125.00M,1.537B,400.00M,5.289B,15.78B,7.00M,2.469B,1.765B,10.49B,13.31B,8.726B,481.00M,473.00M,1.431B
DISCA,2014-12,-368.00M,367.00M,598.00M,1.107B,178.00M,0.38,0.38,12.18B,0,1.078B,2014-12,250.00M,-81.00M,-81.00M,554.00M,588.00M,6.002B,547.00M,1.287B,364.00M,129.00M,1.676B,445.00M,5.602B,15.97B,7.00M,2.491B,2.604B,10.37B,13.48B,7.762B,531.00M,543.00M,1.433B
DISCA,2014-09,-195.00M,376.00M,529.00M,995.00M,304.00M,0.41,0.41,12.44B,0,1.039B,2014-09,280.00M,-83.00M,-83.00M,525.00M,692.00M,6.153B,522.00M,1.211B,442.00M,155.00M,1.568B,432.00M,5.883B,16.37B,7.00M,2.584B,2.548B,10.49B,13.79B,7.94B,517.00M,524.00M,1.464B
DISCA,2014-06,-38.00M,372.00M,515.00M,1.029B,160.00M,0.55,0.54,11.98B,0,1.095B,2014-06,379.00M,-83.00M,-83.00M,538.00M,769.00M,6.045B,614.00M,1.14B,592.00M,208.00M,1.61B,406.00M,6.031B,16.10B,5.00M,2.571B,2.36B,10.07B,13.53B,7.711B,481.00M,547.00M,1.525B
DISCA,2014-03,4.00M,757.00M,482.00M,18.00M,137.00M,0.33,0.33,10.79B,0,929.00M,2014-03,230.00M,-81.00M,-81.00M,522.00M,614.00M,6.90B,437.00M,1.063B,349.00M,118.00M,1.411B,409.00M,6.18B,15.31B,5.00M,2.74B,1.253B,9.13B,12.57B,7.877B,492.00M,456.00M,1.341B
DISCA,2013-12,4.00M,408.00M,475.00M,17.00M,144.00M,0.205,0.2025,10.79B,0,1.062B,2013-12,289.00M,-78.00M,-78.00M,514.00M,637.00M,6.482B,527.00M,1.048B,459.00M,169.00M,1.537B,449.00M,6.196B,14.98B,5.00M,2.41B,1.294B,8.782B,12.57B,7.488B,535.00M,424.00M,1.371B
DISCA,2013-09,8.00M,439.00M,435.00M,23.00M,164.00M,0.36,0.35,10.74B,0,940.00M,2013-09,255.00M,-80.00M,-80.00M,492.00M,681.00M,6.485B,470.00M,881.00M,419.00M,163.00M,1.375B,390.00M,6.22B,14.87B,5.00M,2.364B,1.135B,8.642B,12.50B,7.507B,470.00M,300.00M,1.344B
DISCA,2013-06,-96.00M,375.00M,437.00M,23.00M,122.00M,0.415,0.41,10.68B,1.171B,1.03B,2013-06,300.00M,-80.00M,-80.00M,460.00M,656.00M,6.455B,558.00M,806.00M,481.00M,181.00M,1.467B,394.00M,6.269B,14.69B,5.00M,2.265B,1.002B,8.414B,12.42B,7.412B,472.00M,344.00M,1.332B
DISCA,2013-03,-51.00M,2.36B,342.00M,22.00M,100.00M,0.32,0.315,8.764B,1.115B,814.00M,2013-03,231.00M,-68.00M,-68.00M,377.00M,428.00M,6.407B,417.00M,933.00M,377.00M,146.00M,1.156B,365.00M,6.24B,14.42B,5.00M,4.013B,1.101B,8.179B,10.41B,7.078B,397.00M,216.00M,1.148B
DISCA,2012-12,4.00M,1.201B,328.00M,31.00M,123.00M,0.3308,0.3308,8.565B,0,872.00M,2012-12,224.00M,-64.00M,-64.00M,388.00M,272.00M,5.212B,487.00M,737.00M,405.00M,181.00M,1.20B,355.00M,6.291B,12.93B,5.00M,2.73B,946.00M,6.637B,10.20B,5.691B,385.00M,261.00M,1.13B
DISCA,2012-09,-8.00M,1.553B,296.00M,21.00M,133.00M,0.28,0.275,8.348B,0,780.00M,2012-09,205.00M,-68.00M,-68.00M,368.00M,260.00M,5.21B,439.00M,436.00M,349.00M,134.00M,1.076B,314.00M,6.265B,12.69B,5.00M,2.995B,826.00M,6.42B,9.692B,5.594B,341.00M,192.00M,1.079B
DISCA,2012-06,-23.00M,1.698B,298.00M,20.00M,98.00M,0.385,0.385,8.276B,0,828.00M,2012-06,293.00M,-61.00M,-61.00M,368.00M,263.00M,5.206B,490.00M,432.00M,421.00M,127.00M,1.126B,307.00M,6.471B,12.81B,5.00M,3.214B,757.00M,6.337B,9.596B,5.58B,338.00M,267.00M,1.155B
DISCA,2012-03,-12.00M,1.044B,296.00M,19.00M,91.00M,0.29,0.285,8.195B,0,789.00M,2012-03,221.00M,-55.00M,-55.00M,374.00M,321.00M,4.218B,449.00M,458.00M,343.00M,120.00M,1.085B,311.00M,6.565B,11.94B,5.00M,2.451B,740.00M,5.367B,9.484B,4.627B,340.00M,250.00M,1.062B
DISCA,2011-12,-23.00M,1.048B,316.00M,26.00M,113.00M,0.425,0.42,8.164B,0,790.00M,2011-12,336.00M,-54.00M,-54.00M,379.00M,337.00M,4.219B,445.00M,580.00M,346.00M,9.00M,1.106B,316.00M,6.517B,11.91B,5.00M,2.431B,746.00M,5.394B,9.482B,4.648B,345.00M,177.00M,1.042B
DISCA,2011-09,-22.00M,1.032B,328.00M,20.00M,123.00M,0.3,0.295,8.169B,0,752.00M,2011-09,237.00M,-56.00M,-56.00M,371.00M,354.00M,4.229B,430.00M,486.00M,367.00M,127.00M,1.08B,293.00M,6.402B,11.80B,5.00M,2.299B,707.00M,5.398B,9.502B,4.691B,322.00M,48.00M,976.00M
DISCA,2011-06,-10.00M,1.095B,288.00M,22.00M,98.00M,0.315,0.31,8.196B,0,779.00M,2011-06,254.00M,-49.00M,-49.00M,382.00M,373.00M,4.235B,449.00M,412.00M,398.00M,144.00M,1.067B,300.00M,6.513B,11.84B,5.00M,2.321B,614.00M,5.322B,9.515B,4.708B,330.00M,48.00M,908.00M
DISCA,2011-03,-16.00M,453.00M,273.00M,21.00M,113.00M,0.375,0.37,8.173B,0,678.00M,2011-03,305.00M,-49.00M,-49.00M,389.00M,352.00M,3.591B,379.00M,62.00M,451.00M,146.00M,951.00M,269.00M,6.408B,11.11B,5.00M,1.629B,654.00M,4.697B,9.479B,4.043B,299.00M,62.00M,866.00M
