Ticker,Date,Accrued Comprehensive Inc,Cash and Short Term Investments,Cost of Goods Sold,Current Debt & Capital Lease Obligation,Current Deferred Liabilities,EPS Basic,EPS Diluted,Goodwill and Intangibles,Gross PP&E,Gross Profit,Income (Quarterly),Inventories,Net Income,Net Non-Operating Interest Income Expense,Net Operating Interest Income,Net PP&E,Non-Current Deferred Liabilities,Non-Current Portion of LTD and Capital Lease Obligation,Operating Income,Payables and Accrued Expenses,Pre-Tax Income,Provision for Income Taxes,Revenue,SG&A Expense,Shareholders Equity,Total Assets,Total Capital Stock,Total Current Assets,Total Current Liabilities,Total Liabilities,Total Long Term Assets,Total Long Term Liabilities,Total Operating Expenses,Total Payables,Total Receivables
DISH,2020-12,-0.855M,3.733B,2.942B,2.086B,855.72M,1.4,1.25,27.66B,7.070B,1.615B,2020-12,380.35M,732.63M,8.642M,8.642M,2.287B,4.344B,13.68B,989.64M,3.143B,989.71M,228.41M,4.557B,429.26M,13.78B,38.24B,5.261M,7.022B,6.085B,24.46B,31.22B,18.37B,625.79M,395.40M,1.104B
DISH,2020-09,-1.583M,2.795B,3.005B,2.093B,861.84M,0.96,0.86,27.47B,7.062B,1.527B,2020-09,516.22M,504.60M,8.425M,8.425M,2.339B,4.182B,12.06B,811.25M,3.576B,806.47M,273.51M,4.532B,516.65M,12.69B,36.10B,5.259M,5.005B,6.530B,23.41B,31.09B,16.88B,715.73M,747.53M,1.144B
DISH,2020-06,-2.664M,2.630B,2.185B,2.073B,659.50M,0.86,0.78,26.43B,7.046B,1.002B,2020-06,315.37M,452.34M,-5.916M,-5.916M,2.385B,3.888B,11.06B,637.65M,3.047B,631.75M,151.34M,3.187B,212.12M,12.16B,33.50B,5.246M,4.109B,5.780B,21.34B,29.39B,15.56B,364.25M,372.27M,531.83M
DISH,2020-03,0.198M,3.388B,2.331B,1.172B,683.06M,0.14,0.13,26.01B,7.029B,886.29M,2020-03,329.39M,73.10M,-1.39M,-1.39M,2.436B,3.743B,13.06B,500.50M,2.776B,144.28M,45.01M,3.217B,218.97M,11.66B,33.67B,5.233M,4.642B,4.631B,22.01B,29.03B,17.38B,385.79M,356.56M,544.11M
DISH,2019-12,-0.018M,2.860B,2.068B,1.171B,681.48M,0.78,0.69,25.92B,7.405B,1.173B,2019-12,322.90M,389.40M,5.181M,5.181M,2.851B,3.566B,13.05B,522.95M,2.643B,529.53M,115.99M,3.241B,476.18M,11.56B,33.23B,5.23M,4.015B,4.496B,21.67B,29.22B,17.17B,649.73M,280.64M,588.36M
DISH,2019-09,-0.252M,1.594B,2.097B,1.173B,690.32M,0.74,0.66,25.54B,7.414B,1.071B,2019-09,314.62M,353.30M,26.27M,26.27M,2.910B,3.454B,13.05B,468.89M,2.703B,493.37M,116.21M,3.168B,447.96M,10.17B,31.77B,4.93M,2.731B,4.567B,21.60B,29.04B,17.04B,602.14M,317.69M,577.80M
DISH,2019-06,0.149M,2.732B,2.428B,2.416B,667.19M,0.68,0.6,25.24B,6.052B,783.19M,2019-06,331.14M,317.04M,12.83M,12.83M,2.575B,3.050B,13.20B,430.73M,3.112B,446.39M,105.82M,3.211B,202.76M,9.332B,32.28B,4.699M,3.918B,6.196B,22.95B,28.37B,16.76B,352.46M,361.05M,584.12M
DISH,2019-03,-0.057M,2.393B,2.379B,1.316B,646.38M,0.73,0.65,24.98B,6.034B,808.35M,2019-03,309.25M,339.76M,9.246M,9.246M,2.589B,2.981B,14.32B,456.30M,2.992B,474.63M,113.34M,3.187B,198.91M,8.953B,31.69B,4.681M,3.592B,4.955B,22.74B,28.09B,17.78B,352.05M,277.37M,581.68M
DISH,2018-12,-0.874M,2.069B,1.745B,1.342B,655.31M,0.7304,0.6592,24.75B,5.689B,1.561B,2018-12,290.73M,337.08M,10.53M,10.53M,1.928B,2.946B,13.81B,482.75M,2.779B,492.98M,135.70M,3.307B,907.58M,8.596B,30.59B,4.679M,3.289B,4.776B,21.99B,27.30B,17.22B,1.079B,233.75M,639.86M
DISH,2018-09,-0.537M,1.865B,2.488B,1.367B,685.68M,0.9164,0.8168,24.49B,5.736B,907.29M,2018-09,304.94M,431.73M,5.112M,5.112M,1.990B,2.786B,13.79B,562.70M,2.825B,593.29M,140.69M,3.395B,169.30M,8.245B,30.14B,4.676M,3.039B,4.878B,21.89B,27.10B,17.02B,344.58M,269.52M,670.83M
DISH,2018-06,0.735M,1.555B,2.525B,34.82M,709.05M,0.9363,0.8267,24.24B,5.784B,935.99M,2018-06,329.51M,438.72M,7.754M,7.754M,2.048B,2.682B,15.11B,572.66M,2.888B,601.85M,141.56M,3.461B,190.62M,7.804B,29.65B,4.675M,2.744B,3.632B,21.84B,26.91B,18.21B,363.33M,284.77M,641.89M
DISH,2018-03,1.359M,2.279B,2.566B,1.009B,742.84M,0.7869,0.6972,23.99B,5.813B,892.26M,2018-03,347.75M,367.56M,6.36M,6.36M,2.107B,2.584B,15.15B,529.51M,2.941B,501.06M,115.74M,3.458B,169.78M,7.325B,30.15B,4.668M,3.466B,4.692B,22.83B,26.69B,18.14B,362.75M,331.39M,601.67M
DISH,2017-12,0.882M,1.981B,2.698B,1.069B,709.07M,2.976,2.656,23.75B,5.857B,786.40M,2017-12,321.01M,1.385B,3.664M,3.664M,2.184B,2.490B,15.13B,405.21M,3.050B,319.27M,-1.082B,3.484B,189.25M,6.937B,29.77B,4.664M,3.285B,4.828B,22.84B,26.49B,18.01B,381.19M,393.30M,653.95M
DISH,2017-09,6.174M,1.851B,2.738B,1.241B,715.40M,0.6375,0.5678,23.46B,6.183B,845.33M,2017-09,318.89M,297.38M,2.87M,2.87M,2.379B,3.527B,15.12B,449.05M,2.998B,492.18M,176.92M,3.583B,186.95M,5.552B,29.52B,4.663M,3.123B,4.954B,23.97B,26.40B,19.01B,396.28M,374.13M,703.63M
DISH,2017-06,5.632M,2.386B,2.704B,2.141B,743.13M,0.0896,0.0896,23.20B,6.245B,939.28M,2017-06,373.68M,40.12M,-13.82M,-13.82M,2.448B,3.320B,15.11B,547.80M,3.017B,241.45M,182.69M,3.644B,179.81M,5.238B,29.92B,4.661M,3.713B,5.902B,24.68B,26.20B,18.78B,391.48M,328.10M,737.03M
DISH,2017-03,4.884M,6.803B,2.737B,942.45M,753.56M,0.8068,0.757,16.74B,6.324B,942.98M,2017-03,421.51M,375.72M,-14.88M,-14.88M,2.550B,3.095B,16.29B,607.32M,2.874B,597.19M,207.11M,3.680B,131.04M,5.158B,29.45B,4.655M,9.597B,4.570B,24.29B,19.85B,19.72B,335.66M,556.32M,704.25M
DISH,2016-12,0.781M,5.360B,2.767B,941.90M,773.98M,0.757,0.7172,16.53B,6.396B,986.20M,2016-12,422.35M,355.49M,-18.48M,-18.48M,2.654B,2.849B,15.54B,594.05M,2.877B,557.06M,189.25M,3.753B,162.10M,4.614B,27.91B,4.652M,8.280B,4.593B,23.30B,19.63B,18.71B,392.15M,524.70M,777.91M
DISH,2016-09,0.657M,4.961B,2.830B,937.49M,815.94M,0.6773,0.6674,16.27B,5.813B,937.37M,2016-09,479.40M,318.45M,-12.32M,-12.32M,2.666B,2.843B,15.53B,522.66M,2.837B,514.73M,181.75M,3.767B,190.71M,4.293B,27.58B,4.65M,7.901B,4.590B,23.28B,19.68B,18.69B,414.70M,610.93M,815.87M
DISH,2016-06,2.39M,3.487B,2.803B,35.51M,855.17M,0.9064,0.9064,16.04B,5.918B,1.062B,2016-06,475.19M,424.10M,5.579M,5.579M,2.751B,2.663B,14.20B,640.28M,2.870B,691.24M,253.18M,3.865B,182.14M,3.521B,24.45B,4.648M,4.913B,3.761B,20.93B,19.54B,17.17B,421.73M,575.20M,861.18M
DISH,2016-03,19.61M,870.61M,2.815B,35.20M,869.37M,0.8566,0.8566,15.85B,5.994B,1.012B,2016-03,455.26M,399.89M,3.249M,3.249M,2.846B,2.528B,12.22B,583.42M,2.940B,653.58M,241.64M,3.827B,201.00M,3.123B,22.01B,4.647M,2.558B,3.845B,18.89B,19.45B,15.04B,428.57M,561.35M,806.09M
DISH,2015-12,61.98M,1.611B,2.905B,1.534B,869.66M,-0.1594,-0.1594,15.69B,6.035B,1.030B,2015-12,390.33M,-70.01M,-38.04M,-38.04M,2.924B,2.470B,12.22B,631.01M,2.759B,-72.41M,-26.25M,3.935B,196.86M,2.749B,22.89B,5.203M,3.543B,5.163B,20.14B,19.34B,14.98B,398.92M,470.23M,864.03M
DISH,2015-09,72.20M,1.613B,2.853B,1.533B,894.72M,0.4183,0.4183,4.968B,6.702B,880.57M,2015-09,408.62M,196.48M,-139.56M,-139.56M,3.755B,2.479B,12.23B,441.72M,2.838B,330.94M,128.33M,3.734B,186.65M,2.856B,23.10B,5.193M,13.63B,5.266B,20.25B,9.477B,14.98B,438.85M,444.98M,905.14M
DISH,2015-06,82.16M,1.096B,2.859B,1.533B,931.56M,0.6972,0.6972,4.968B,6.681B,972.94M,2015-06,466.20M,324.42M,-149.14M,-149.14M,3.770B,2.296B,12.24B,533.99M,2.845B,520.33M,188.00M,3.832B,176.07M,2.668B,22.76B,5.192M,13.28B,5.309B,20.10B,9.484B,14.79B,438.95M,447.14M,1.019B
DISH,2015-03,79.03M,1.399B,2.795B,2.182B,917.14M,0.757,0.757,4.968B,6.641B,929.48M,2015-03,484.75M,351.48M,-147.82M,-147.82M,3.786B,2.223B,12.24B,483.86M,2.825B,456.33M,103.08M,3.724B,199.41M,2.291B,22.93B,5.184M,13.41B,5.925B,20.64B,9.512B,14.71B,445.62M,468.60M,928.51M
DISH,2014-12,174.51M,9.236B,2.633B,681.47M,891.37M,0.8865,0.8765,4.985B,6.582B,1.048B,2014-12,493.75M,409.93M,-123.68M,-123.68M,3.774B,2.133B,13.75B,534.90M,2.540B,394.32M,-13.60M,3.682B,226.60M,2.013B,22.05B,5.178M,12.55B,4.113B,20.03B,9.493B,15.92B,513.53M,416.99M,951.49M
DISH,2014-09,166.83M,9.272B,2.825B,1.581B,898.69M,0.3187,0.3088,4.968B,6.557B,854.78M,2014-09,528.01M,145.52M,-129.30M,-129.30M,3.803B,2.301B,11.79B,388.51M,2.987B,203.12M,60.09M,3.679B,196.38M,1.544B,21.12B,5.169M,11.41B,5.467B,19.58B,9.710B,14.11B,466.27M,545.48M,1.028B
DISH,2014-06,190.13M,8.903B,2.772B,1.666B,878.76M,0.4582,0.4582,4.968B,6.468B,916.30M,2014-06,528.34M,213.31M,-134.56M,-134.56M,3.747B,2.229B,11.80B,454.74M,2.763B,329.02M,121.89M,3.688B,189.66M,1.427B,20.77B,5.167M,11.09B,5.308B,19.33B,9.675B,14.02B,461.56M,500.20M,972.78M
DISH,2014-03,184.40M,8.961B,2.696B,1.030B,876.03M,0.3785,0.3785,3.297B,6.360B,898.63M,2014-03,522.89M,175.93M,-161.83M,-161.83M,3.704B,2.199B,12.57B,446.30M,2.730B,279.28M,108.46M,3.594B,203.11M,1.130B,20.55B,5.146M,12.59B,4.637B,19.41B,7.962B,14.77B,452.33M,543.81M,939.81M
DISH,2013-12,173.87M,9.739B,2.612B,1.035B,843.39M,0.6275,0.6275,3.333B,7.323B,926.95M,2013-12,512.71M,288.04M,-151.34M,-151.34M,4.098B,2.191B,12.60B,450.96M,2.624B,465.88M,175.62M,3.539B,209.82M,977.08M,20.36B,5.144M,12.31B,4.552B,19.36B,8.043B,14.81B,475.99M,636.96M,957.52M
DISH,2013-09,205.08M,10.30B,2.640B,487.04M,862.94M,0.6873,0.6773,3.333B,7.239B,864.86M,2013-09,580.71M,314.91M,-149.43M,-149.43M,4.056B,2.072B,13.62B,420.39M,2.573B,381.46M,38.14M,3.505B,191.43M,701.06M,20.35B,5.138M,12.34B,3.923B,19.62B,8.006B,15.70B,444.46M,601.54M,928.85M
DISH,2013-06,214.53M,9.527B,2.516B,535.84M,887.34M,-0.0199,-0.0199,3.337B,7.121B,969.63M,2013-06,577.29M,-11.05M,-170.99M,-170.99M,3.990B,2.051B,13.63B,462.79M,2.589B,-49.08M,-40.36M,3.486B,202.20M,343.92M,20.07B,5.121M,12.16B,4.012B,19.70B,7.904B,15.68B,506.84M,616.10M,902.23M
DISH,2013-03,203.69M,7.095B,2.520B,536.40M,903.36M,0.4781,0.4682,3.340B,7.554B,855.06M,2013-03,571.38M,215.60M,-124.36M,-124.36M,4.455B,2.119B,11.34B,451.62M,2.433B,338.65M,126.42M,3.376B,173.27M,289.94M,17.65B,5.096M,9.337B,3.873B,17.33B,8.318B,13.46B,403.44M,576.93M,876.46M
DISH,2012-12,188.80M,7.205B,2.105B,537.28M,839.89M,0.4582,0.4582,3.342B,7.391B,399.73M,2012-12,465.58M,209.11M,-107.61M,-107.61M,4.367B,2.022B,11.35B,490.62M,2.384B,384.05M,143.52M,2.504B,-312.16M,36.87M,17.38B,5.09M,9.059B,3.924B,17.31B,8.320B,13.38B,-90.90M,511.43M,860.72M
DISH,2012-09,57.81M,6.400B,2.500B,33.93M,851.41M,-0.3486,-0.3486,3.273B,7.368B,1.023B,2012-09,628.82M,-158.46M,-109.51M,-109.51M,4.368B,1.866B,10.36B,457.43M,3.257B,-312.71M,-149.38M,3.523B,330.36M,109.16M,16.51B,5.074M,8.336B,4.142B,16.36B,8.178B,12.22B,565.77M,480.46M,821.21M
DISH,2012-06,-19.06M,4.839B,2.477B,34.50M,841.37M,0.498,0.498,3.273B,7.312B,1.095B,2012-06,647.22M,225.73M,-89.10M,-89.10M,4.348B,1.468B,9.365B,468.35M,2.640B,371.81M,146.21M,3.572B,327.67M,171.28M,14.52B,5.066M,6.497B,3.516B,14.35B,8.024B,10.83B,626.79M,465.26M,830.83M
DISH,2012-03,55.43M,2.693B,2.425B,35.98M,832.68M,0.8068,0.7969,3.340B,7.233B,1.157B,2012-03,670.01M,360.31M,-130.92M,-130.92M,4.314B,1.420B,7.474B,572.41M,2.702B,551.77M,191.64M,3.582B,376.18M,-56.77M,12.41B,5.035M,4.349B,3.571B,12.47B,8.060B,8.894B,584.87M,523.76M,776.57M
DISH,2011-12,82.04M,2.041B,2.070B,35.64M,832.39M,0.6972,0.6873,1.424B,6.033B,587.02M,2011-12,707.15M,312.65M,-128.15M,-128.15M,3.170B,1.211B,7.458B,603.01M,2.352B,470.96M,151.73M,2.657B,-232.30M,-420.37M,11.47B,5.031M,3.748B,3.221B,11.89B,7.722B,8.669B,-15.99M,455.41M,794.82M
DISH,2011-09,44.88M,3.365B,2.366B,945.89M,824.99M,0.7172,0.7072,1.391B,5.994B,1.237B,2011-09,667.49M,319.10M,-147.07M,-147.07M,3.185B,1.399B,7.462B,624.84M,2.301B,498.06M,179.08M,3.603B,382.62M,101.75M,13.04B,5.023M,5.423B,4.072B,12.93B,7.612B,8.860B,611.77M,514.46M,825.42M
DISH,2011-06,177.89M,4.593B,2.286B,1.030B,839.60M,0.7471,0.7471,1.391B,5.910B,1.304B,2011-06,568.66M,334.76M,-134.96M,-134.96M,3.222B,1.201B,7.471B,741.51M,2.379B,563.02M,228.19M,3.590B,325.26M,-94.30M,12.83B,5.021M,6.413B,4.249B,12.92B,6.415B,8.672B,562.31M,471.50M,830.91M
DISH,2011-03,154.86M,3.414B,2.071B,1.028B,845.80M,1.235,1.215,1.391B,5.981B,1.153B,2011-03,427.70M,549.39M,-113.89M,-113.89M,3.255B,1.013B,5.479B,761.79M,2.134B,881.09M,331.77M,3.224B,161.78M,-504.09M,10.28B,4.995M,4.997B,4.292B,10.78B,5.284B,6.491B,391.48M,370.78M,740.83M
