Ticker,Date,Accrued Comprehensive Inc,Cash and Short Term Investments,Cost of Goods Sold,Current Debt & Capital Lease Obligation,Current Deferred Liabilities,EPS Basic,EPS Diluted,Goodwill and Intangibles,Gross PP&E,Gross Profit,Income (Quarterly),Inventories,Net Income,Net Non-Operating Interest Income Expense,Net Operating Interest Income,Net PP&E,Non-Current Deferred Liabilities,Non-Current Portion of LTD and Capital Lease Obligation,Operating Income,Payables and Accrued Expenses,Pre-Tax Income,Provision for Income Taxes,Revenue,SG&A Expense,Shareholders Equity,Total Assets,Total Capital Stock,Total Current Assets,Total Current Liabilities,Total Liabilities,Total Long Term Assets,Total Long Term Liabilities,Total Operating Expenses,Total Payables,Total Receivables
DLTR,2021-01,-35.20M,1.417B,4.615B,1.348B,0,2.14,2.13,5.084B,15.21B,2.153B,2021-01,3.427B,502.80M,-34.20M,-34.20M,10.44B,1.014B,8.292B,681.60M,1.944B,647.40M,144.60M,6.768B,1.471B,7.285B,20.70B,2.30M,5.051B,3.730B,13.41B,15.65B,9.680B,1.471B,1.872B,100.90M
DLTR,2020-10,-40.60M,1.118B,4.253B,1.596B,0,1.39,1.39,5.083B,14.90B,1.924B,2020-10,3.792B,330.00M,-38.10M,-38.10M,10.28B,1.043B,8.187B,465.50M,1.587B,427.30M,97.30M,6.177B,1.459B,6.961B,20.65B,2.40M,5.171B,4.042B,13.69B,15.48B,9.649B,1.459B,1.587B,0
DLTR,2020-07,-41.20M,1.750B,4.361B,2.085B,0,1.1,1.1,5.083B,14.72B,1.916B,2020-07,3.276B,261.50M,-34.80M,-34.80M,10.24B,1.008B,8.206B,374.90M,1.483B,339.90M,78.40M,6.278B,1.541B,6.814B,20.67B,2.40M,5.232B,4.279B,13.86B,15.44B,9.579B,1.541B,1.483B,0
DLTR,2020-04,-47.80M,1.755B,4.492B,2.315B,0,1.05,1.04,5.081B,14.44B,1.795B,2020-04,3.198B,247.60M,-40.20M,-40.20M,10.11B,1.038B,8.108B,365.90M,1.421B,325.20M,77.60M,6.287B,1.429B,6.521B,20.47B,2.40M,5.165B,4.504B,13.95B,15.31B,9.447B,1.429B,1.421B,0
DLTR,2020-01,-39.80M,539.20M,4.355B,1.529B,0,0.52,0.52,5.083B,14.30B,1.960B,2020-01,3.522B,123.00M,-39.20M,-39.20M,10.11B,984.70M,8.502B,562.40M,1.656B,209.50M,86.50M,6.315B,1.398B,6.255B,19.57B,2.40M,4.269B,3.546B,13.32B,15.31B,9.773B,1.398B,1.582B,0
DLTR,2019-10,-39.20M,433.70M,4.042B,1.953B,0,1.08,1.08,5.396B,13.73B,1.704B,2019-10,3.883B,255.80M,-41.40M,-41.40M,9.675B,1.002B,8.156B,358.40M,1.473B,316.90M,61.10M,5.746B,1.346B,6.121B,19.74B,2.40M,4.572B,4.180B,13.62B,15.17B,9.441B,1.346B,1.473B,0
DLTR,2019-07,-39.60M,623.40M,4.092B,1.965B,0,0.76,0.76,5.396B,13.61B,1.648B,2019-07,3.471B,180.30M,-40.10M,-40.10M,9.680B,960.20M,8.286B,268.90M,1.455B,228.40M,48.10M,5.741B,1.380B,5.866B,19.49B,2.40M,4.341B,4.094B,13.63B,15.15B,9.534B,1.380B,1.455B,0
DLTR,2019-04,-41.10M,725.80M,4.082B,1.966B,0,1.13,1.12,5.396B,13.46B,1.727B,2019-04,3.326B,267.90M,-41.40M,-41.40M,9.636B,954.20M,8.366B,385.50M,1.312B,343.90M,76.00M,5.809B,1.342B,5.756B,19.35B,2.40M,4.246B,3.979B,13.60B,15.11B,9.619B,1.342B,1.312B,0
DLTR,2019-01,-38.30M,422.10M,4.293B,0,0,-9.69,-9.69,5.685B,7.136B,1.912B,2019-01,3.536B,-2.307B,-46.30M,-46.30M,3.445B,973.20M,4.335B,579.60M,1.679B,-2.194B,112.90M,6.205B,1.332B,5.643B,13.50B,2.40M,4.293B,2.096B,7.858B,9.208B,5.763B,1.332B,1.636B,0
DLTR,2018-10,0,708.30M,3.867B,0,0,1.18,1.18,8.443B,6.978B,1.672B,2018-10,3.716B,281.80M,-47.60M,-47.60M,3.406B,999.20M,5.044B,387.80M,1.366B,340.00M,58.20M,5.539B,1.284B,7.943B,16.65B,0,4.750B,2.136B,8.706B,11.90B,6.570B,1.284B,1.366B,0
DLTR,2018-07,-32.30M,647.30M,3.862B,915.90M,0,1.15,1.15,8.463B,6.764B,1.664B,2018-07,3.288B,273.90M,-46.10M,-46.10M,3.316B,976.00M,5.042B,382.50M,1.256B,337.70M,63.80M,5.526B,1.281B,7.648B,16.10B,2.40M,4.273B,1.907B,8.456B,11.83B,6.549B,1.281B,1.256B,90.40M
DLTR,2018-04,-37.60M,475.20M,3.854B,165.90M,0,0.68,0.67,8.484B,6.572B,1.700B,2018-04,3.248B,160.50M,-230.00M,-230.00M,3.250B,976.20M,5.040B,437.60M,1.263B,207.40M,46.90M,5.554B,1.262B,7.356B,15.83B,2.40M,4.042B,1.917B,8.471B,11.79B,6.554B,1.262B,1.263B,137.90M
DLTR,2018-01,0,1.098B,4.260B,152.10M,0,4.38,4.37,8.500B,6.393B,2.101B,2018-01,3.169B,1.040B,-81.60M,-81.60M,3.201B,1.122B,4.762B,730.60M,1.543B,691.50M,-348.60M,6.361B,1.370B,7.182B,16.33B,0,4.576B,2.859B,9.150B,11.76B,6.291B,1.370B,1.383B,0
DLTR,2017-10,0,400.10M,3.651B,0,0,1.01,1.01,8.527B,6.239B,1.666B,2017-10,3.398B,239.90M,-69.70M,-69.70M,3.179B,1.472B,5.557B,425.20M,1.181B,355.10M,115.20M,5.317B,1.241B,6.116B,15.73B,0,3.973B,2.040B,9.614B,11.76B,7.574B,1.241B,1.181B,0
DLTR,2017-07,0,697.30M,3.653B,0,0,0.99,0.98,5.025B,5.810B,1.628B,2017-07,2.928B,233.80M,-75.80M,-75.80M,3.116B,1.582B,6.170B,422.10M,1.196B,343.60M,109.80M,5.281B,1.206B,5.860B,15.53B,0,3.815B,2.085B,9.672B,11.72B,7.587B,1.206B,1.196B,0
DLTR,2017-04,0,1.159B,3.66B,0,0,0.85,0.85,5.022B,0,1.627B,2017-04,2.878B,200.50M,-74.70M,-74.70M,0,0,0,439.70M,1.445B,313.80M,113.30M,5.287B,1.187B,5.609B,15.99B,0,4.278B,2.241B,10.39B,11.72B,8.145B,1.187B,1.445B,0
DLTR,2017-01,0,870.40M,3.828B,0,0,1.36,1.36,8.597B,0,1.807B,2017-01,2.866B,321.80M,-88.80M,-88.80M,0,0,0,586.50M,1.527B,497.70M,175.90M,5.636B,1.221B,5.390B,15.70B,0,3.938B,2.106B,10.31B,11.76B,8.206B,1.221B,1.373B,0
DLTR,2016-10,0,737.80M,3.481B,0,0,0.73,0.72,5.023B,0,1.520B,2016-10,3.274B,171.60M,-112.10M,-112.10M,0,0,0,342.40M,1.266B,230.20M,58.60M,5.002B,1.178B,5.048B,16.20B,0,4.342B,2.134B,11.15B,11.85B,9.013B,1.178B,1.266B,0
DLTR,2016-07,0,1.097B,3.484B,0,0,0.72,0.72,5.024B,0,1.512B,2016-07,2.975B,170.20M,-87.30M,-87.30M,0,0,0,357.20M,1.352B,269.90M,99.70M,4.996B,1.155B,4.857B,16.33B,0,4.449B,2.18B,11.47B,11.88B,9.292B,1.155B,1.352B,0
DLTR,2016-04,0,933.70M,3.531B,0,0,0.99,0.98,5.025B,0,1.555B,2016-04,2.930B,232.70M,-87.30M,-87.30M,0,0,0,418.70M,1.306B,331.60M,98.90M,5.086B,1.136B,4.670B,16.06B,0,4.172B,2.049B,11.39B,11.89B,9.342B,1.136B,1.306B,0
DLTR,2016-01,-43.10M,740.10M,3.713B,108.00M,0,0.97,0.97,8.697B,5.298B,1.653B,2016-01,2.886B,229.00M,-114.80M,-114.80M,3.126B,1.689B,7.238B,469.80M,1.565B,352.50M,123.50M,5.365B,1.183B,4.407B,15.90B,2.40M,3.936B,2.095B,11.49B,11.97B,9.399B,1.183B,1.408B,154.70M
DLTR,2015-10,-34.10M,1.111B,3.545B,83.00M,0,0.35,0.35,5.024B,2.970B,1.40B,2015-10,3.185B,81.90M,-98.40M,-98.40M,3.141B,1.655B,8.266B,223.70M,1.280B,124.70M,42.80M,4.945B,1.176B,4.142B,16.70B,2.10M,4.628B,2.161B,12.56B,12.07B,10.40B,1.176B,1.280B,11.00M
DLTR,2015-07,-16.90M,1.306B,2.156B,12.80M,0,-0.46,-0.46,8.710B,2.710B,855.20M,2015-07,2.825B,-98.00M,-263.90M,-263.90M,3.152B,91.90M,682.70M,123.40M,1.152B,-142.20M,-44.20M,3.011B,731.80M,4.047B,16.57B,2.10M,4.525B,2.073B,12.52B,12.04B,10.44B,731.80M,1.152B,0
DLTR,2015-04,0,870.40M,1.428B,0,0,0.34,0.34,166.10M,0,748.90M,2015-04,1.094B,69.50M,-122.20M,-122.20M,1.226B,86.30M,757.00M,232.80M,540.90M,113.20M,43.70M,2.177B,516.10M,1.871B,10.87B,0,9.336B,1.015B,8.998B,1.534B,7.983B,516.10M,540.90M,0
DLTR,2015-01,0,864.10M,1.558B,0,0,1.16,1.16,166.10M,0,918.10M,2015-01,1.036B,206.50M,-54.30M,-54.30M,1.210B,0,757.00M,383.60M,651.30M,324.60M,118.10M,2.476B,534.50M,1.785B,3.493B,0,1.995B,861.60M,1.708B,1.498B,846.10M,534.50M,516.20M,0
DLTR,2014-10,0,407.60M,1.370B,0,0,0.65,0.64,168.70M,0,725.30M,2014-10,1.305B,133.00M,-9.30M,-9.30M,1.193B,0,0,219.70M,559.30M,209.30M,76.30M,2.095B,505.60M,1.585B,3.368B,0,1.796B,866.50M,1.783B,1.572B,916.10M,505.60M,559.30M,0
DLTR,2014-07,0,467.70M,1.337B,0,0,0.59,0.59,169.80M,0,694.10M,2014-07,1.084B,121.50M,-8.40M,-8.40M,1.153B,0,0,205.00M,526.90M,196.60M,75.10M,2.031B,489.10M,1.448B,3.147B,0,1.663B,783.00M,1.699B,1.484B,915.60M,489.10M,526.90M,0
DLTR,2014-04,0,387.10M,1.304B,0,0,0.67,0.67,169.60M,0,696.60M,2014-04,1.043B,138.30M,-8.10M,-8.10M,1.116B,0,0,231.90M,528.10M,223.80M,85.50M,2.000B,464.70M,1.318B,2.958B,0,1.537B,724.50M,1.640B,1.421B,915.70M,464.70M,528.10M,0
DLTR,2014-01,0,267.70M,1.410B,0,0,1.02,1.02,171.80M,0,825.20M,2014-01,1.035B,213.10M,-9.00M,-9.00M,1.094B,0,0,348.20M,469.60M,339.10M,126.00M,2.235B,477.00M,1.171B,2.772B,0,1.378B,686.30M,1.601B,1.393B,914.90M,477.00M,467.60M,0
DLTR,2013-10,0,147.10M,1.225B,0,0,0.58,0.58,171.60M,0,659.90M,2013-10,1.237B,125.40M,-5.20M,-5.20M,1.102B,0,0,204.30M,526.40M,198.80M,73.40M,1.885B,455.60M,959.00M,2.883B,0,1.488B,766.80M,1.924B,1.395B,1.157B,455.60M,526.40M,0
DLTR,2013-07,-1.50M,413.70M,1.206B,14.30M,0,0.56,0.56,171.70M,2.434B,648.70M,2013-07,1.018B,124.70M,-0.70M,-0.70M,1.066B,83.00M,257.00M,201.30M,437.20M,200.80M,76.10M,1.855B,447.40M,1.826B,2.908B,2.20M,1.533B,671.80M,1.082B,1.375B,410.60M,447.40M,437.20M,0
DLTR,2013-04,-0.60M,383.30M,1.210B,15.50M,0,0.6,0.59,172.90M,2.156B,656.00M,2013-04,1.010B,133.50M,-0.60M,-0.60M,1.018B,77.90M,250.00M,216.60M,464.60M,215.60M,82.10M,1.866B,439.40M,1.740B,2.812B,1.10M,1.490B,663.00M,1.072B,1.322B,409.10M,439.40M,464.60M,0
DLTR,2013-01,0,399.90M,1.395B,15.50M,0,1.01,1.01,173.30M,0,850.80M,2013-01,971.70M,228.60M,-0.40M,-0.40M,960.70M,0,250.00M,363.50M,457.90M,362.90M,134.30M,2.246B,487.30M,1.667B,2.752B,0,1.474B,676.20M,1.085B,1.278B,408.50M,487.30M,457.90M,0
DLTR,2012-10,0,222.40M,1.121B,15.50M,0,0.68,0.68,173.30M,0,599.60M,2012-10,1.133B,155.40M,-0.80M,-0.80M,932.40M,0,250.00M,184.20M,454.30M,244.10M,88.70M,1.720B,415.40M,1.539B,2.639B,0,1.408B,701.00M,1.100B,1.231B,399.40M,415.40M,454.30M,0
DLTR,2012-07,0,379.80M,1.105B,16.50M,0,0.52,0.51,173.10M,0,599.60M,2012-07,891.70M,119.20M,-1.10M,-1.10M,879.80M,0,250.00M,184.40M,374.20M,183.30M,64.10M,1.705B,415.20M,1.523B,2.500B,0,1.322B,580.80M,976.70M,1.178B,395.90M,415.20M,374.20M,0
DLTR,2012-04,0,382.30M,1.121B,0,0,0.5,0.5,174.00M,0,602.70M,2012-04,875.00M,116.10M,-0.50M,-0.50M,848.80M,0,0,188.00M,363.50M,188.60M,72.50M,1.724B,414.70M,1.481B,2.451B,0,1.304B,816.00M,970.50M,1.147B,154.50M,414.70M,363.50M,0
DLTR,2012-01,0,288.30M,1.211B,0,0,0.805,0.8,173.10M,0,734.50M,2012-01,867.40M,187.90M,-0.70M,-0.70M,825.30M,0,0,302.00M,383.60M,301.50M,113.60M,1.946B,432.50M,1.345B,2.329B,0,1.209B,581.00M,984.00M,1.119B,403.00M,432.50M,383.60M,0
DLTR,2011-10,0,280.20M,1.036B,0,0,0.44,0.43,173.50M,0,560.60M,2011-10,1.005B,104.50M,-0.60M,-0.60M,816.50M,0,0,164.90M,362.60M,164.20M,59.70M,1.597B,395.70M,1.447B,2.431B,0,1.332B,587.10M,984.30M,1.099B,397.20M,395.70M,362.60M,0
DLTR,2011-07,0,545.40M,1.00B,0,0,0.39,0.39,175.00M,0,542.40M,2011-07,813.90M,94.90M,-0.70M,-0.70M,783.10M,0,0,153.50M,311.20M,152.30M,57.40M,1.542B,388.90M,1.588B,2.479B,0,1.408B,495.80M,891.20M,1.071B,395.40M,388.90M,311.20M,0
DLTR,2011-04,0,510.30M,1.005B,0,0,0.41,0.41,175.00M,0,540.80M,2011-04,771.20M,101.00M,-0.90M,-0.90M,760.20M,0,0,161.70M,317.60M,161.50M,60.50M,1.546B,379.10M,1.487B,2.381B,0,1.326B,504.70M,894.60M,1.056B,389.90M,379.10M,317.60M,0
