Ticker,Date,Accrued Comprehensive Inc,Cash and Short Term Investments,Cost of Goods Sold,Current Debt & Capital Lease Obligation,Current Deferred Liabilities,EPS Basic,EPS Diluted,Goodwill and Intangibles,Gross PP&E,Gross Profit,Income (Quarterly),Inventories,Net Income,Net Non-Operating Interest Income Expense,Net Operating Interest Income,Net PP&E,Non-Current Deferred Liabilities,Non-Current Portion of LTD and Capital Lease Obligation,Operating Income,Payables and Accrued Expenses,Pre-Tax Income,Provision for Income Taxes,Revenue,SG&A Expense,Shareholders Equity,Total Assets,Total Capital Stock,Total Current Assets,Total Current Liabilities,Total Liabilities,Total Long Term Assets,Total Long Term Liabilities,Total Operating Expenses,Total Payables,Total Receivables
DOV,2021-03,-160.73M,536.51M,1.146B,48.83M,195.20M,1.62,1.61,5.087B,2.398B,721.55M,2021-03,900.61M,232.77M,-26.14M,-26.14M,881.13M,314.16M,3.063B,312.55M,1.378B,289.25M,56.48M,1.868B,409.00M,3.499B,9.271B,259.34M,2.815B,1.775B,5.772B,6.456B,3.996B,409.00M,940.51M,1.241B
DOV,2020-12,-153.25M,513.08M,1.129B,90.50M,184.84M,1.27,1.25,5.156B,2.403B,651.45M,2020-12,835.80M,182.11M,-27.53M,-27.53M,897.33M,410.94M,3.243B,245.93M,1.220B,220.41M,38.30M,1.780B,405.52M,3.386B,9.152B,258.98M,2.619B,1.916B,5.766B,6.533B,3.850B,405.52M,924.44M,1.137B
DOV,2020-09,-232.72M,427.50M,1.090B,505.00M,104.90M,1.39,1.38,5.033B,2.341B,658.73M,2020-09,838.54M,200.30M,-26.76M,-26.76M,879.62M,304.69M,3.047B,276.90M,1.452B,251.00M,50.70M,1.748B,381.83M,3.246B,8.986B,258.89M,2.605B,1.766B,5.740B,6.381B,3.973B,381.83M,911.01M,1.203B
DOV,2020-06,-263.63M,649.03M,947.58M,500.00M,36.46M,0.87,0.86,5.005B,2.287B,551.60M,2020-06,885.97M,124.77M,-27.98M,-27.98M,858.27M,319.40M,3.001B,184.86M,1.432B,156.83M,32.06M,1.499B,366.74M,3.090B,9.114B,258.77M,2.799B,2.114B,6.025B,6.315B,3.911B,366.74M,948.25M,1.143B
DOV,2020-03,-311.58M,508.91M,1.044B,126.54M,0,1.22,1.21,4.957B,2.239B,612.24M,2020-03,852.08M,176.28M,-26.08M,-26.08M,841.81M,338.59M,2.963B,225.30M,1.419B,213.50M,37.22M,1.656B,386.94M,2.981B,8.944B,258.74M,2.706B,2.094B,5.964B,6.238B,3.869B,386.94M,963.30M,1.222B
DOV,2019-12,-216.03M,397.25M,1.124B,182.70M,0,1.16,1.15,4.838B,2.232B,651.32M,2019-12,806.14M,168.12M,-29.42M,-29.42M,842.32M,411.33M,3.107B,248.09M,1.247B,197.02M,28.90M,1.776B,403.22M,3.033B,8.669B,258.55M,2.548B,1.913B,5.637B,6.121B,3.724B,403.22M,972.76M,1.217B
DOV,2019-09,-257.19M,340.53M,1.152B,357.70M,0,1.42,1.4,4.841B,2.197B,673.49M,2019-09,816.56M,206.01M,-30.15M,-30.15M,820.58M,333.89M,2.909B,282.71M,1.417B,257.93M,51.92M,1.825B,390.78M,3.018B,8.669B,258.43M,2.586B,1.825B,5.652B,6.083B,3.826B,390.78M,976.88M,1.269B
DOV,2019-06,-208.11M,321.33M,1.138B,346.26M,0,1.36,1.35,4.925B,2.180B,672.59M,2019-06,849.27M,198.08M,-30.81M,-30.81M,815.00M,336.99M,2.946B,275.96M,1.413B,249.74M,51.65M,1.811B,396.63M,2.955B,8.776B,258.32M,2.623B,1.955B,5.821B,6.153B,3.866B,396.63M,981.37M,1.289B
DOV,2019-03,-190.95M,243.01M,1.101B,220.32M,0,0.73,0.72,4.926B,2.158B,623.54M,2019-03,828.30M,105.70M,-30.92M,-30.92M,797.68M,349.43M,2.941B,215.08M,1.403B,138.32M,32.61M,1.725B,408.47M,2.837B,8.658B,258.21M,2.529B,1.947B,5.820B,6.128B,3.874B,408.47M,966.73M,1.272B
DOV,2018-12,-243.10M,396.22M,1.164B,0,0,0.97,0.96,4.812B,2.139B,644.97M,2018-12,748.80M,141.57M,-29.81M,-29.81M,806.50M,430.04M,2.944B,218.77M,1.315B,186.68M,28.70M,1.809B,426.20M,2.769B,8.366B,257.82M,2.504B,1.995B,5.597B,5.862B,3.602B,426.20M,1.018B,1.232B
DOV,2018-09,-193.32M,209.28M,1.101B,298.66M,48.27M,1.07,1.05,4.915B,2.128B,646.52M,2018-09,803.98M,157.30M,-29.13M,-29.13M,806.74M,330.89M,2.982B,220.08M,1.377B,193.02M,35.71M,1.747B,426.44M,2.748B,8.462B,257.78M,2.459B,1.890B,5.714B,6.003B,3.824B,426.44M,964.94M,1.284B
DOV,2018-06,-179.78M,242.81M,1.133B,284.63M,42.00M,0.92,0.91,4.944B,2.102B,665.24M,2018-06,764.05M,139.96M,-29.56M,-29.56M,805.01M,336.15M,2.975B,236.46M,1.346B,211.44M,44.98M,1.798B,428.78M,2.841B,8.473B,257.39M,2.448B,1.814B,5.633B,6.025B,3.819B,428.78M,950.14M,1.281B
DOV,2018-03,-151.52M,367.22M,1.035B,426.25M,0,0.85,0.84,6.293B,2.685B,602.83M,2018-03,972.89M,131.44M,-33.58M,-33.58M,1.031B,438.02M,3.032B,167.80M,1.453B,134.25M,24.84M,1.638B,435.03M,4.446B,10.54B,257.28M,2.952B,2.081B,6.097B,7.591B,4.017B,435.03M,1.023B,1.415B
DOV,2017-12,-194.76M,753.96M,1.103B,581.10M,0,1.9,1.88,4.969B,2.045B,649.89M,2017-12,677.04M,296.45M,-34.54M,-34.54M,787.94M,435.98M,2.987B,184.76M,1.233B,264.10M,-25.54M,1.753B,465.13M,4.383B,10.66B,256.99M,2.790B,2.328B,6.275B,7.868B,3.947B,465.13M,932.68M,1.184B
DOV,2017-09,-192.23M,322.04M,1.099B,484.09M,0,1.15,1.14,6.375B,2.636B,649.19M,2017-09,982.20M,178.91M,-33.61M,-33.61M,1.013B,610.50M,2.985B,239.15M,1.432B,206.78M,47.32M,1.748B,410.04M,4.276B,10.49B,256.90M,2.869B,2.167B,6.218B,7.625B,4.050B,410.04M,995.04M,1.447B
DOV,2017-06,-287.38M,301.59M,1.083B,606.96M,0,1.05,1.04,6.322B,2.548B,654.11M,2017-06,962.07M,164.06M,-34.52M,-34.52M,978.62M,630.08M,2.925B,232.84M,1.397B,198.06M,55.58M,1.737B,421.27M,4.072B,10.29B,256.85M,2.760B,2.215B,6.220B,7.533B,4.005B,421.27M,968.12M,1.396B
DOV,2017-03,-313.32M,415.53M,1.152B,748.43M,0,1.11,1.09,6.291B,2.486B,661.17M,2017-03,942.18M,172.25M,-33.83M,-33.83M,946.38M,643.36M,2.888B,174.91M,1.381B,231.97M,59.72M,1.813B,486.26M,3.953B,10.24B,256.77M,2.762B,2.319B,6.285B,7.476B,3.966B,486.26M,957.33M,1.299B
DOV,2016-12,-359.33M,349.15M,651.56M,414.55M,0,1.04,1.03,6.366B,2.469B,375.29M,2016-12,870.49M,161.16M,-32.35M,-32.35M,945.67M,796.39M,3.207B,158.61M,1.209B,211.34M,56.95M,1.027B,216.68M,3.800B,10.12B,256.54M,2.589B,2.137B,6.316B,7.527B,4.180B,216.68M,903.97M,1.265B
DOV,2016-09,-267.68M,514.76M,1.076B,513.98M,0,0.84,0.83,5.516B,2.385B,631.79M,2016-09,828.29M,130.08M,-32.99M,-32.99M,839.43M,586.41M,2.614B,210.75M,1.136B,181.18M,51.09M,1.708B,421.04M,3.789B,9.298B,256.45M,2.739B,1.891B,5.509B,6.559B,3.618B,421.04M,774.25M,1.199B
DOV,2016-06,-281.54M,255.14M,1.055B,344.16M,0,0.76,0.76,5.534B,2.392B,631.21M,2016-06,833.91M,118.29M,-32.16M,-32.16M,853.58M,593.78M,2.607B,193.80M,1.099B,164.50M,46.21M,1.686B,437.41M,3.714B,8.979B,256.32M,2.380B,1.640B,5.265B,6.599B,3.625B,437.41M,744.45M,1.180B
DOV,2016-03,-241.61M,243.72M,1.033B,405.86M,28.07M,0.64,0.64,5.578B,2.364B,589.26M,2016-03,849.83M,99.36M,-31.71M,-31.71M,858.98M,603.50M,2.611B,145.82M,1.064B,127.62M,28.27M,1.622B,443.45M,3.698B,8.981B,256.25M,2.346B,1.649B,5.283B,6.635B,3.634B,443.45M,715.55M,1.167B
DOV,2015-12,-254.57M,362.18M,1.081B,151.12M,20.68M,0.92,0.91,5.151B,2.374B,613.81M,2015-12,802.90M,141.82M,-31.25M,-31.25M,854.27M,662.81M,2.604B,199.44M,923.45M,169.49M,32.92M,1.695B,414.36M,3.645B,8.606B,256.11M,2.419B,1.562B,4.962B,6.187B,3.399B,414.36M,682.59M,1.120B
DOV,2015-09,-251.14M,662.67M,1.115B,461.30M,22.84M,1.2,1.19,4.672B,2.332B,672.61M,2015-09,810.72M,186.10M,-31.98M,-31.98M,824.03M,569.20M,2.225B,276.92M,991.82M,245.30M,58.82M,1.788B,395.69M,3.566B,8.479B,256.07M,2.815B,1.669B,4.913B,5.664B,3.244B,395.69M,640.16M,1.194B
DOV,2015-06,-197.63M,595.17M,1.104B,381.95M,0,2.1,2.07,4.732B,2.319B,654.57M,2015-06,844.36M,332.40M,-31.99M,-31.99M,827.91M,577.26M,2.225B,251.87M,1.037B,221.14M,65.51M,1.759B,402.70M,3.592B,8.467B,256.06M,2.737B,1.614B,4.874B,5.730B,3.261B,402.70M,687.10M,1.149B
DOV,2015-03,-237.94M,538.49M,1.088B,625.50M,0,1.3,1.28,4.773B,2.280B,627.16M,2015-03,861.95M,209.51M,-32.04M,-32.04M,821.74M,578.44M,2.218B,192.52M,967.38M,164.68M,47.48M,1.716B,434.63M,3.579B,8.647B,256.01M,2.672B,1.782B,5.068B,5.975B,3.286B,434.63M,616.60M,1.133B
DOV,2014-12,-158.93M,681.58M,1.254B,777.96M,0,1.03,1.02,4.861B,2.291B,723.87M,2014-12,863.74M,169.29M,-31.33M,-31.33M,837.07M,607.19M,2.253B,263.49M,905.12M,230.99M,59.15M,1.978B,460.38M,3.701B,9.030B,255.89M,2.834B,2.268B,5.330B,6.196B,3.062B,460.38M,654.35M,1.187B
DOV,2014-09,-35.01M,706.23M,1.235B,153.07M,0,1.4,1.38,4.774B,2.358B,774.42M,2014-09,908.05M,231.84M,-31.23M,-31.23M,818.73M,533.99M,2.570B,348.26M,986.29M,318.06M,92.38M,2.010B,426.16M,3.922B,8.959B,255.83M,3.116B,1.394B,5.037B,5.843B,3.643B,426.16M,657.11M,1.339B
DOV,2014-06,40.33M,547.39M,1.195B,50.75M,0,1.29,1.27,4.630B,2.353B,768.10M,2014-06,890.61M,213.96M,-31.96M,-31.96M,821.59M,503.79M,2.596B,329.28M,954.60M,303.55M,92.97M,1.963B,438.82M,3.897B,8.795B,255.76M,2.904B,1.232B,4.898B,5.892B,3.667B,438.82M,628.14M,1.303B
DOV,2014-03,25.75M,486.04M,1.095B,77.10M,0,0.94,0.93,4.642B,2.319B,707.86M,2014-03,840.49M,160.14M,-32.66M,-32.66M,817.82M,511.83M,2.602B,274.46M,957.82M,241.61M,71.57M,1.803B,433.40M,3.748B,8.664B,255.47M,2.702B,1.231B,4.916B,5.963B,3.685B,433.40M,642.76M,1.238B
DOV,2013-12,67.72M,803.88M,933.69M,229.28M,0,1.14,1.13,4.367B,2.169B,584.81M,2013-12,715.31M,193.96M,-29.90M,-29.90M,787.85M,821.34M,2.599B,228.21M,782.73M,202.21M,56.19M,1.518B,356.60M,5.377B,10.86B,255.32M,2.718B,1.342B,5.478B,8.137B,4.136B,356.60M,567.41M,1.077B
DOV,2013-09,62.88M,739.82M,1.184B,672.14M,39.94M,1.58,1.56,5.711B,3.007B,756.35M,2013-09,949.62M,269.11M,-30.24M,-30.24M,1.149B,519.35M,2.190B,348.08M,1.044B,317.67M,91.44M,1.940B,408.26M,5.284B,10.67B,255.22M,3.263B,2.019B,5.381B,7.402B,3.362B,408.26M,686.80M,1.438B
DOV,2013-06,-83.24M,605.95M,1.177B,665.78M,33.78M,1.93,1.91,5.670B,2.940B,755.82M,2013-06,917.22M,330.05M,-30.23M,-30.23M,1.138B,480.94M,2.190B,320.20M,1.039B,288.32M,30.26M,1.932B,435.62M,4.981B,10.35B,254.88M,3.049B,1.975B,5.368B,7.300B,3.393B,435.62M,685.90M,1.399B
DOV,2013-03,-86.18M,571.36M,1.082B,702.60M,0,1.21,1.2,5.656B,2.910B,681.62M,2013-03,905.95M,210.00M,-30.28M,-30.28M,1.141B,487.88M,2.190B,265.18M,1.015B,237.79M,70.57M,1.764B,416.44M,4.762B,10.23B,254.68M,2.920B,1.951B,5.473B,7.315B,3.522B,416.44M,675.61M,1.309B
DOV,2012-12,-54.91M,800.08M,289.47M,610.77M,0,0.9,0.89,5.740B,2.907B,246.67M,2012-12,872.84M,159.86M,-31.12M,-31.12M,1.167B,920.45M,2.189B,97.73M,960.22M,65.76M,40.58M,536.14M,148.94M,4.919B,10.44B,254.12M,3.028B,1.987B,5.525B,7.416B,3.538B,148.94M,714.38M,1.226B
DOV,2012-09,-6.574M,794.10M,1.287B,3.134M,0,1.33,1.31,5.392B,2.913B,810.14M,2012-09,923.39M,241.05M,-30.40M,-30.40M,1.114B,506.58M,2.192B,358.20M,955.93M,324.09M,90.76M,2.098B,451.94M,5.213B,9.910B,253.55M,3.277B,1.276B,4.697B,6.633B,3.422B,451.94M,620.54M,1.412B
DOV,2012-06,-99.86M,785.96M,1.261B,3.402M,0,1.17,1.15,5.392B,2.845B,777.10M,2012-06,921.04M,214.10M,-29.72M,-29.72M,1.086B,508.08M,2.192B,311.01M,978.37M,280.93M,75.78M,2.038B,466.09M,5.110B,9.804B,253.11M,3.205B,1.262B,4.694B,6.599B,3.432B,466.09M,646.97M,1.320B
DOV,2012-03,-47.51M,899.98M,1.209B,3.51M,0,1.07,1.05,5.267B,2.784B,746.08M,2012-03,880.44M,196.06M,-30.03M,-30.03M,1.069B,477.63M,2.192B,292.09M,952.59M,260.28M,73.87M,1.955B,453.99M,5.090B,9.699B,251.31M,3.239B,1.206B,4.609B,6.460B,3.403B,453.99M,629.21M,1.274B
DOV,2011-12,17.13M,1.207B,872.73M,1.022M,0,1.51,1.48,4.691B,2.561B,550.77M,2011-12,733.81M,278.29M,-28.99M,-28.99M,970.70M,731.67M,2.186B,208.29M,801.72M,183.95M,48.19M,1.424B,342.49M,4.931B,9.501B,250.59M,3.248B,1.140B,4.570B,6.252B,3.430B,342.49M,570.62M,1.119B
DOV,2011-09,141.46M,917.02M,1.332B,0.559M,0,0.93,0.91,5.094B,2.682B,806.28M,2011-09,848.93M,172.28M,-30.06M,-30.06M,992.64M,452.68M,2.186B,329.64M,1.003B,299.53M,76.10M,2.139B,476.64M,4.879B,9.513B,250.51M,3.293B,1.287B,4.634B,6.220B,3.347B,476.64M,662.79M,1.340B
DOV,2011-06,0,1.397B,1.219B,47.75M,0,1.34,1.32,4.655B,2.709B,776.00M,2011-06,882.51M,249.77M,-28.16M,-28.16M,936.80M,446.58M,2.186B,327.60M,968.95M,297.96M,58.76M,1.995B,448.40M,4.913B,9.482B,250.46M,3.753B,1.264B,4.569B,5.729B,3.305B,448.40M,636.63M,1.323B
