Ticker,Date,Accrued Comprehensive Inc,Cash and Short Term Investments,Cost of Goods Sold,EPS Basic,EPS Diluted,Goodwill and Intangibles,Gross PP&E,Gross Profit,Income (Quarterly),Net Income,Net Non-Operating Interest Income Expense,Net Operating Interest Income,Net PP&E,Non-Current Portion of LTD and Capital Lease Obligation,Operating Income,Payables and Accrued Expenses,Pre-Tax Income,Provision for Income Taxes,Revenue,SG&A Expense,Shareholders Equity,Total Assets,Total Capital Stock,Total Current Assets,Total Current Liabilities,Total Liabilities,Total Long Term Assets,Total Long Term Liabilities,Total Operating Expenses,Total Payables,Total Receivables
DRE,2020-12,-31.57M,6.309M,75.18M,0.46,0.45,90.88M,0,191.11M,2020-12,168.82M,-23.97M,-23.97M,0,3.385B,77.70M,157.20M,166.42M,-3.946M,266.29M,15.60M,5.163B,9.111B,3.733M,577.05M,164.94M,3.877B,8.534B,3.712B,113.40M,138.83M,199.73M
DRE,2020-09,-32.46M,6.748M,81.86M,0.19,0.19,96.58M,0,180.17M,2020-09,71.82M,-23.03M,-23.03M,0,3.146B,74.30M,211.39M,71.52M,-0.956M,262.03M,11.44M,5.018B,8.743B,3.715M,480.83M,211.39M,3.654B,8.262B,3.443B,105.86M,184.89M,205.03M
DRE,2020-06,-33.35M,29.87M,64.73M,0.11,0.11,107.72M,0,173.78M,2020-06,39.82M,-22.62M,-22.62M,0,3.075B,67.90M,206.50M,40.05M,-0.15M,238.51M,13.61M,4.988B,8.567B,3.704M,480.77M,206.50M,3.510B,8.086B,3.303B,105.89M,191.05M,208.89M
DRE,2020-03,-34.24M,187.56M,62.14M,0.05,0.05,0,0,164.23M,2020-03,19.46M,-22.10M,-22.10M,0,3.147B,53.47M,186.18M,19.55M,-0.06M,226.37M,21.76M,4.960B,8.574B,3.684M,596.43M,186.18M,3.547B,7.978B,3.361B,110.76M,157.06M,179.96M
DRE,2019-12,-35.04M,110.89M,63.28M,0.23,0.23,0,0,167.20M,2019-12,86.80M,-18.95M,-18.95M,0,2.915B,64.65M,152.06M,89.66M,2.221M,230.48M,11.77M,5.018B,8.421B,3.68M,648.66M,152.95M,3.340B,7.772B,3.187B,102.55M,137.88M,285.30M
DRE,2019-09,-42.10M,121.23M,74.54M,0.62,0.62,0,0,166.79M,2019-09,226.57M,-20.52M,-20.52M,0,2.768B,67.15M,184.67M,227.88M,-0.536M,241.33M,13.72M,4.958B,8.263B,3.663M,794.91M,187.19M,3.242B,7.468B,3.054B,99.64M,155.99M,295.87M
DRE,2019-06,-28.72M,8.664M,73.16M,0.2,0.2,0,0,163.86M,2019-06,71.05M,-20.98M,-20.98M,0,2.839B,62.48M,165.42M,78.18M,6.616M,237.03M,13.42M,4.641B,8.014B,3.606M,549.44M,166.06M,3.312B,7.465B,3.146B,101.39M,143.15M,306.38M
DRE,2019-03,-14.02M,15.30M,105.70M,0.12,0.12,0,0,159.23M,2019-03,44.55M,-19.37M,-19.37M,0,2.827B,56.98M,170.77M,45.15M,0.385M,264.93M,21.98M,4.622B,7.962B,3.594M,627.08M,170.81M,3.281B,7.335B,3.110B,102.25M,143.84M,391.35M
DRE,2018-12,-4.676M,17.90M,113.81M,0.18,0.18,0,0,157.05M,2018-12,63.90M,-18.95M,-18.95M,0,2.659B,62.94M,181.80M,63.12M,-0.667M,270.86M,12.78M,4.658B,7.804B,3.589M,637.28M,181.80M,3.091B,7.167B,2.909B,94.11M,165.65M,437.35M
DRE,2018-09,0,133.40M,82.51M,0.15,0.15,0,0,149.38M,2018-09,53.02M,-17.33M,-17.33M,0,2.634B,60.47M,217.46M,52.40M,-0.897M,231.90M,8.959M,4.672B,7.825B,3.583M,933.20M,218.06M,3.100B,6.892B,2.882B,88.92M,189.99M,432.42M
DRE,2018-06,0,86.34M,62.83M,0.54,0.54,88.65M,0,147.73M,2018-06,193.84M,-15.95M,-15.95M,0,2.417B,56.91M,187.06M,192.81M,0.063M,210.56M,13.46M,4.660B,7.503B,3.572M,823.68M,187.06M,2.794B,6.679B,2.607B,90.82M,169.28M,406.68M
DRE,2018-03,0,160.86M,91.47M,0.2,0.2,78.59M,0,143.09M,2018-03,72.96M,-15.54M,-15.54M,0,2.496B,43.27M,151.74M,83.85M,10.33M,234.56M,21.02M,4.534B,7.428B,3.57M,937.76M,153.07M,2.846B,6.490B,2.693B,99.82M,124.57M,522.69M
DRE,2017-12,0,67.56M,78.73M,0.52,0.52,0,0,136.89M,2017-12,188.42M,-16.08M,-16.08M,0,2.423B,44.59M,139.83M,54.42M,-8.275M,215.62M,13.78M,4.533B,7.388B,3.564M,940.97M,140.99M,2.814B,6.447B,2.673B,92.30M,121.92M,552.57M
DRE,2017-09,0.426M,27.32M,68.46M,0.46,0.46,0,0,126.37M,2017-09,165.27M,-14.43M,-14.43M,0,2.132B,47.53M,178.13M,42.37M,0.359M,194.83M,10.08M,4.710B,7.297B,3.561M,1.341B,180.78M,2.544B,5.956B,2.363B,78.84M,153.58M,548.67M
DRE,2017-06,0.682M,76.33M,63.78M,3.4,3.38,0,0,125.63M,2017-06,1.211B,-19.42M,-19.42M,0,2.280B,46.04M,153.24M,124.62M,5.426M,189.41M,11.86M,4.614B,7.318B,3.557M,1.885B,162.33M,2.654B,5.433B,2.492B,79.59M,139.30M,543.62M
DRE,2017-03,0.938M,13.39M,50.37M,0.2,0.2,0,0,130.70M,2017-03,70.20M,-23.63M,-23.63M,0,3.080B,48.71M,165.69M,67.55M,2.132M,181.08M,19.23M,3.467B,6.959B,3.556M,501.84M,168.40M,3.461B,6.457B,3.292B,81.99M,136.83M,140.17M
DRE,2016-12,1.216M,12.64M,63.03M,0.14,0.13,0,0,118.12M,2016-12,47.76M,-25.06M,-25.06M,0,2.908B,44.51M,127.00M,40.45M,-0.416M,181.15M,13.17M,3.466B,6.772B,3.548M,1.673B,183.29M,3.279B,5.099B,3.095B,73.61M,103.36M,130.01M
DRE,2016-09,1.511M,110.21M,60.12M,0.32,0.32,0,0,121.56M,2016-09,112.01M,-26.78M,-26.78M,0,2.991B,45.78M,216.98M,108.23M,-0.359M,181.67M,12.53M,3.482B,6.862B,3.546M,526.45M,217.21M,3.353B,6.336B,3.136B,75.78M,145.06M,153.30M
DRE,2016-06,0,91.70M,64.14M,0.31,0.31,0,0,119.81M,2016-06,109.07M,-28.94M,-28.94M,0,3.198B,46.25M,190.39M,107.50M,-0.157M,183.95M,11.58M,3.314B,6.865B,3.503M,475.14M,191.04M,3.525B,6.390B,3.334B,73.56M,124.22M,154.97M
DRE,2016-03,0,15.64M,79.82M,0.12,0.12,0,0,145.13M,2016-03,43.31M,-35.21M,-35.21M,0,3.381B,48.00M,188.56M,43.95M,0.343M,224.95M,18.10M,3.165B,6.897B,3.459M,615.50M,189.95M,3.707B,6.281B,3.517B,97.13M,126.32M,155.29M
DRE,2015-12,1.806M,22.53M,27.26M,0.06,0.06,151.00M,0,37.05M,2015-12,24.25M,-2.071M,-2.071M,0,3.320B,19.07M,222.81M,16.25M,0.181M,64.31M,10.98M,3.182B,6.896B,3.453M,636.47M,223.78M,3.691B,6.259B,3.467B,17.98M,126.54M,152.09M
DRE,2015-09,2.066M,175.87M,87.53M,0.22,0.22,191.38M,0,147.00M,2015-09,76.43M,-40.27M,-40.27M,0,3.446B,54.30M,231.78M,73.84M,-3.305M,234.54M,11.34M,3.287B,7.140B,3.453M,772.54M,232.00M,3.828B,6.367B,3.596B,92.70M,157.96M,162.45M
DRE,2015-06,2.34M,20.25M,79.58M,1.3,1.3,236.69M,0,146.32M,2015-06,449.38M,-41.60M,-41.60M,0,3.461B,47.19M,216.18M,55.71M,-2.288M,225.90M,19.24M,3.264B,7.115B,3.451M,713.25M,219.92M,3.823B,6.401B,3.603B,99.13M,136.95M,148.43M
DRE,2015-03,2.739M,17.81M,113.93M,0.19,0.19,0,0,153.51M,2015-03,65.24M,-49.27M,-49.27M,0,4.444B,53.04M,190.25M,38.90M,1.484M,267.44M,17.00M,2.874B,7.731B,3.45M,1.286B,255.36M,4.836B,6.445B,4.581B,100.46M,116.85M,184.46M
DRE,2014-12,3.026M,17.92M,96.22M,-0.02,-0.02,0,0,150.07M,2014-12,12.82M,-50.25M,-50.25M,0,4.413B,51.47M,263.52M,4.96M,-3.439M,246.29M,13.73M,2.860B,7.755B,3.441M,1.125B,322.61M,4.875B,6.630B,4.552B,98.59M,145.78M,172.05M
DRE,2014-09,3.313M,66.13M,111.86M,0.18,0.18,0,0,149.95M,2014-09,70.80M,-47.06M,-47.06M,0,4.209B,51.77M,276.09M,67.72M,-0.442M,261.81M,10.57M,3.202B,7.884B,336.21M,518.30M,276.80M,4.655B,7.366B,4.378B,98.17M,196.65M,194.07M
DRE,2014-06,3.60M,21.22M,124.73M,0.38,0.38,0,0,149.56M,2014-06,134.73M,-51.22M,-51.22M,0,4.134B,48.71M,305.00M,129.12M,0.364M,274.29M,10.36M,3.225B,7.863B,432.31M,495.08M,305.54M,4.611B,7.367B,4.305B,100.85M,186.43M,200.30M
DRE,2014-03,3.832M,19.47M,118.52M,0.06,0.06,0,0,145.95M,2014-03,25.24M,-48.91M,-48.91M,0,4.323B,40.74M,238.45M,10.14M,2.674M,264.47M,14.69M,2.986B,7.767B,432.21M,448.04M,238.63M,4.751B,7.319B,4.512B,105.21M,149.86M,188.88M
DRE,2013-12,4.119M,19.28M,67.90M,0.21,0.21,0,0,93.01M,2013-12,76.93M,-30.14M,-30.14M,0,4.254B,11.62M,264.40M,46.23M,-0.58M,160.91M,9.448M,3.013B,7.753B,450.95M,458.16M,266.47M,4.708B,7.294B,4.442B,81.39M,144.08M,163.63M
DRE,2013-09,3.78M,24.11M,129.98M,-0.02,-0.02,0,0,154.48M,2013-09,1.289M,-56.47M,-56.47M,0,4.435B,42.87M,259.53M,-13.10M,-4.50M,284.46M,10.37M,2.980B,7.887B,450.94M,464.82M,262.44M,4.874B,7.422B,4.611B,111.61M,182.52M,173.30M
DRE,2013-06,3.95M,21.40M,112.19M,0.19,0.19,267.31M,7.456B,153.91M,2013-06,68.85M,-56.10M,-56.10M,6.209B,4.397B,48.84M,277.51M,-13.95M,0,266.10M,9.707M,3.008B,7.884B,450.92M,430.27M,278.26M,4.841B,7.454B,4.563B,105.06M,174.26M,175.34M
DRE,2013-03,3.228M,307.17M,106.24M,0.09,0.09,0,6.948B,151.04M,2013-03,43.52M,-57.03M,-57.03M,5.749B,4.394B,44.84M,234.25M,35.80M,0,257.28M,13.14M,2.971B,7.802B,450.90M,752.47M,236.22M,4.798B,7.050B,4.561B,106.21M,159.57M,170.10M
DRE,2012-12,2.691M,33.89M,103.12M,-0.12,-0.12,0,7.143B,128.89M,2012-12,-21.96M,-53.57M,-53.57M,5.991B,4.446B,30.95M,323.18M,-25.75M,0,232.00M,14.06M,2.591B,7.560B,628.43M,414.24M,323.98M,4.934B,7.146B,4.610B,97.93M,159.24M,182.34M
DRE,2012-09,2.177M,113.15M,152.21M,-0.11,-0.11,0,7.573B,141.05M,2012-09,-17.15M,-58.66M,-58.66M,6.159B,4.140B,41.78M,261.91M,-17.29M,-0.103M,293.26M,8.934M,2.589B,7.190B,628.37M,296.32M,261.91M,4.565B,6.894B,4.303B,99.27M,183.58M,183.17M
DRE,2012-06,1.767M,106.56M,118.24M,-0.11,-0.11,0,7.856B,142.58M,2012-06,-17.40M,-59.05M,-59.05M,6.474B,4.037B,42.12M,243.72M,-19.73M,0,260.82M,11.59M,2.581B,7.068B,628.31M,271.41M,244.10M,4.449B,6.797B,4.205B,100.46M,146.71M,164.84M
DRE,2012-03,1.506M,14.74M,127.53M,-0.14,-0.14,0,7.763B,138.13M,2012-03,-17.47M,-59.15M,-59.15M,6.429B,3.817B,37.94M,190.30M,-22.86M,-0.194M,265.66M,11.84M,2.652B,6.872B,628.30M,183.16M,190.95M,4.187B,6.689B,3.996B,100.19M,127.57M,168.42M
DRE,2011-12,0.987M,213.81M,138.59M,0.17,0.17,0,0,105.08M,2011-12,58.97M,-44.89M,-44.89M,0,3.810B,27.11M,244.12M,-31.98M,0,243.67M,13.88M,2.715B,7.004B,796.44M,608.52M,245.10M,4.225B,6.396B,3.980B,77.97M,125.05M,168.40M
DRE,2011-09,0.493M,16.18M,182.01M,-0.13,-0.13,0,0,130.28M,2011-09,-14.04M,-54.36M,-54.36M,0,4.272B,39.66M,268.76M,-15.63M,0,312.29M,9.493M,2.710B,7.505B,796.44M,223.02M,397.84M,4.730B,7.282B,4.332B,90.62M,190.31M,206.84M
DRE,2011-06,0.056M,117.64M,181.83M,-0.12,-0.12,0,0,133.54M,2011-06,-13.07M,-53.53M,-53.53M,0,4.112B,41.62M,271.06M,-12.75M,0,315.37M,8.541M,2.885B,7.527B,905.07M,326.82M,271.06M,4.572B,7.200B,4.301B,91.92M,170.45M,209.18M
DRE,2011-03,-0.661M,167.12M,203.83M,0.19,0.19,0,0,133.70M,2011-03,63.71M,-52.04M,-52.04M,0,4.072B,44.60M,228.75M,58.59M,0,337.53M,11.20M,2.954B,7.527B,905.07M,363.96M,228.75M,4.502B,7.164B,4.273B,89.10M,158.15M,196.84M
