Ticker,Date,Accrued Comprehensive Inc,Cash and Short Term Investments,Cost of Goods Sold,Current Debt & Capital Lease Obligation,Current Deferred Liabilities,EPS Basic,EPS Diluted,Goodwill and Intangibles,Gross PP&E,Gross Profit,Income (Quarterly),Inventories,Net Income,Net Non-Operating Interest Income Expense,Net Operating Interest Income,Net PP&E,Non-Current Deferred Liabilities,Non-Current Portion of LTD and Capital Lease Obligation,Operating Income,Payables and Accrued Expenses,Pre-Tax Income,Provision for Income Taxes,Revenue,SG&A Expense,Shareholders Equity,Total Assets,Total Capital Stock,Total Current Assets,Total Current Liabilities,Total Liabilities,Total Long Term Assets,Total Long Term Liabilities,Total Operating Expenses,Total Payables,Total Receivables
DRI,2021-02,0.70M,993.90M,1.396B,436.30M,493.80M,0.99,0.98,1.844B,9.441B,337.40M,2021-02,188.20M,128.70M,-15.20M,-15.20M,6.656B,40.40M,5.086B,151.10M,454.50M,132.30M,3.10M,1.733B,98.10M,2.576B,10.10B,2.272B,1.300B,1.646B,7.521B,8.796B,5.874B,186.30M,292.30M,44.00M
DRI,2020-11,-7.10M,777.30M,1.341B,2.90M,439.90M,0.74,0.73,1.844B,9.405B,315.40M,2020-11,203.00M,96.00M,-14.60M,-14.60M,6.686B,45.10M,5.152B,120.70M,419.30M,105.70M,8.80M,1.656B,108.70M,2.455B,9.928B,2.239B,1.110B,1.546B,7.472B,8.818B,5.926B,194.70M,289.30M,46.20M
DRI,2020-08,-12.50M,654.60M,1.226B,45.00M,448.50M,0.28,0.28,1.844B,9.350B,301.30M,2020-08,190.10M,36.10M,-16.60M,-16.60M,6.691B,43.30M,5.193B,56.60M,435.90M,32.50M,-4.80M,1.527B,157.10M,2.375B,9.790B,2.221B,971.00M,1.544B,7.414B,8.818B,5.871B,244.70M,307.00M,47.20M
DRI,2020-05,-17.60M,763.30M,1.260B,0,467.90M,-3.86,-3.86,1.843B,9.367B,10.50M,2020-05,206.90M,-480.00M,-19.90M,-19.90M,6.726B,56.10M,5.205B,-202.10M,509.10M,-610.30M,-130.60M,1.270B,118.20M,2.331B,9.946B,2.205B,1.101B,1.793B,7.615B,8.845B,5.822B,212.60M,349.40M,49.80M
DRI,2020-02,-0.40M,321.70M,1.808B,0,475.70M,1.92,1.89,2.156B,9.441B,538.00M,2020-02,229.60M,232.30M,-13.20M,-13.20M,6.825B,188.50M,5.246B,278.40M,572.90M,265.10M,31.80M,2.346B,171.90M,2.341B,9.973B,1.693B,686.00M,1.683B,7.632B,9.287B,5.949B,259.60M,417.70M,51.20M
DRI,2019-11,-0.50M,157.30M,1.651B,0,390.30M,0.2,0.2,2.150B,9.325B,405.50M,2019-11,212.20M,24.70M,-13.10M,-13.10M,6.760B,182.10M,5.234B,160.20M,549.10M,-6.20M,-31.60M,2.056B,157.70M,2.274B,9.743B,1.69B,535.50M,1.558B,7.469B,9.207B,5.912B,245.30M,412.00M,56.80M
DRI,2019-08,-101.00M,350.80M,1.680B,0,388.80M,1.39,1.37,2.150B,9.123B,454.40M,2019-08,199.00M,170.60M,-11.10M,-11.10M,6.608B,165.50M,5.194B,201.50M,561.50M,190.40M,18.60M,2.134B,166.70M,2.381B,9.720B,1.693B,670.30M,1.549B,7.338B,9.049B,5.790B,252.90M,425.20M,51.10M
DRI,2019-05,-98.20M,457.30M,1.725B,0,428.50M,1.69,1.67,2.134B,5.035B,503.80M,2019-05,207.30M,208.00M,-11.90M,-11.90M,2.553B,511.30M,927.70M,244.40M,652.20M,217.90M,9.20M,2.229B,171.50M,2.393B,5.893B,1.685B,892.60M,1.474B,3.500B,5.000B,2.026B,259.40M,468.40M,88.30M
DRI,2019-02,-81.00M,302.90M,1.729B,0,471.70M,1.81,1.79,2.134B,4.954B,517.60M,2019-02,209.50M,223.60M,-12.40M,-12.40M,2.540B,477.20M,927.40M,267.10M,524.30M,253.10M,28.00M,2.246B,165.20M,2.316B,5.698B,1.677B,687.20M,1.443B,3.382B,5.011B,1.939B,250.50M,361.00M,73.90M
DRI,2018-11,-78.70M,139.70M,1.587B,0,388.60M,0.93,0.92,2.134B,4.880B,386.70M,2018-11,209.40M,115.60M,-12.80M,-12.80M,2.521B,464.30M,927.10M,150.80M,502.40M,135.30M,19.40M,1.973B,153.10M,2.250B,5.549B,1.676B,561.20M,1.385B,3.299B,4.988B,1.914B,235.90M,362.60M,80.50M
DRI,2018-08,-76.40M,151.80M,1.620B,50.60M,382.50M,1.34,1.32,2.134B,4.764B,440.90M,2018-08,194.60M,166.20M,-13.10M,-13.10M,2.474B,447.90M,926.80M,189.20M,472.60M,176.00M,7.10M,2.061B,171.00M,2.275B,5.497B,1.667B,544.60M,1.324B,3.222B,4.952B,1.897B,251.70M,334.40M,68.80M
DRI,2018-05,-85.20M,146.90M,1.648B,153.50M,415.80M,1.41,1.39,2.134B,4.662B,485.60M,2018-05,205.30M,174.50M,-13.20M,-13.20M,2.430B,432.00M,926.50M,234.50M,591.30M,216.80M,41.40M,2.134B,172.10M,2.195B,5.470B,1.632B,553.60M,1.384B,3.275B,4.916B,1.890B,251.10M,406.30M,83.70M
DRI,2018-02,-80.40M,146.80M,1.647B,0,456.60M,1.76,1.73,2.132B,4.572B,481.30M,2018-02,208.00M,217.80M,-117.40M,-117.40M,2.405B,417.00M,926.40M,233.10M,501.90M,116.00M,-102.50M,2.128B,169.00M,2.125B,5.455B,1.628B,569.60M,1.468B,3.330B,4.885B,1.862B,248.20M,344.60M,50.60M
DRI,2017-11,-68.20M,114.70M,1.517B,0,366.90M,0.69,0.67,2.123B,4.497B,364.70M,2017-11,199.10M,84.70M,-15.50M,-15.50M,2.386B,445.00M,935.60M,128.90M,448.30M,113.40M,24.80M,1.882B,157.00M,1.976B,5.318B,1.607B,485.20M,1.418B,3.342B,4.832B,1.924B,235.80M,319.30M,66.70M
DRI,2017-08,-66.10M,146.80M,1.522B,0,353.10M,0.95,0.93,2.122B,4.380B,413.80M,2017-08,176.30M,119.00M,-15.00M,-15.00M,2.319B,444.00M,936.60M,173.70M,454.10M,159.50M,38.20M,1.936B,164.00M,2.059B,5.224B,1.620B,483.00M,1.258B,3.165B,4.740B,1.906B,240.10M,330.20M,57.60M
DRI,2017-05,-62.90M,233.10M,1.496B,0,388.60M,0.99,0.98,2.152B,4.269B,438.20M,2017-05,178.90M,123.80M,-11.50M,-11.50M,2.272B,428.40M,936.60M,170.20M,528.90M,158.70M,33.30M,1.935B,197.60M,2.102B,5.292B,1.615B,587.90M,1.289B,3.191B,4.704B,1.901B,268.00M,372.50M,75.90M
DRI,2017-02,-84.00M,391.40M,1.440B,0,426.20M,1.33,1.32,1.448B,4.019B,438.50M,2017-02,168.00M,165.60M,-9.30M,-9.30M,2.069B,538.70M,440.70M,228.80M,395.00M,220.20M,53.90M,1.879B,141.80M,1.973B,4.680B,1.547B,884.90M,1.232B,2.707B,3.795B,1.475B,209.70M,267.60M,43.60M
DRI,2016-11,-83.30M,116.80M,1.322B,0,336.20M,0.65,0.64,1.448B,3.967B,321.00M,2016-11,183.60M,79.50M,-9.50M,-9.50M,2.057B,526.90M,440.50M,116.60M,407.50M,107.00M,27.30M,1.642B,136.60M,1.853B,4.462B,1.523B,683.40M,1.151B,2.608B,3.778B,1.457B,204.40M,298.50M,69.80M
DRI,2016-08,-89.40M,114.70M,1.343B,0,327.60M,0.88,0.87,1.447B,3.907B,371.70M,2016-08,161.80M,110.20M,-9.90M,-9.90M,2.036B,514.70M,440.20M,153.50M,385.90M,151.40M,40.30M,1.714B,151.40M,1.801B,4.370B,1.472B,610.80M,1.132B,2.569B,3.760B,1.437B,218.20M,274.90M,56.30M
DRI,2016-05,-87.00M,274.80M,1.382B,0,360.40M,1.1,1.09,1.447B,3.861B,407.90M,2016-05,175.40M,139.60M,-9.70M,-9.70M,2.042B,504.90M,440.00M,187.00M,489.90M,175.40M,35.00M,1.790B,154.10M,1.952B,4.583B,1.503B,820.30M,1.187B,2.631B,3.762B,1.444B,220.90M,349.70M,64.00M
DRI,2016-02,-63.30M,215.80M,1.416B,8.00M,401.30M,0.83,0.82,1.447B,3.857B,432.00M,2016-02,178.90M,105.80M,-83.10M,-83.10M,2.058B,463.90M,439.70M,219.10M,400.90M,138.10M,29.90M,1.848B,145.90M,1.918B,4.502B,1.485B,729.90M,1.201B,2.584B,3.772B,1.383B,212.90M,261.70M,53.80M
DRI,2015-11,-65.00M,857.60M,1.284B,759.40M,307.80M,0.34,0.33,1.447B,3.825B,324.90M,2015-11,170.00M,43.20M,-57.30M,-57.30M,2.075B,462.30M,439.50M,89.40M,351.30M,24.40M,-5.70M,1.609B,160.20M,1.990B,5.182B,1.488B,1.384B,1.815B,3.192B,3.799B,1.377B,235.50M,241.30M,63.30M
DRI,2015-08,-85.20M,690.10M,1.311B,15.00M,298.80M,0.68,0.67,1.447B,5.423B,376.30M,2015-08,162.60M,86.40M,-22.40M,-22.40M,3.104B,562.40M,1.438B,132.50M,402.60M,111.80M,30.80M,1.687B,162.70M,2.424B,6.026B,1.478B,1.205B,1.143B,3.602B,4.822B,2.460B,243.80M,296.10M,60.80M
DRI,2015-05,-86.60M,535.90M,1.447B,15.00M,328.60M,0.83,0.82,1.447B,5.520B,431.40M,2015-05,163.90M,105.30M,-24.00M,-24.00M,3.216B,567.70M,1.452B,165.50M,479.30M,126.50M,8.40M,1.878B,185.00M,2.334B,5.995B,1.406B,1.056B,1.197B,3.661B,4.938B,2.464B,265.90M,326.80M,78.00M
DRI,2015-02,-77.80M,436.20M,1.342B,15.00M,379.80M,1.07,1.05,1.447B,5.547B,388.60M,2015-02,172.80M,133.80M,-23.30M,-23.30M,3.288B,542.00M,1.512B,171.20M,477.10M,147.10M,18.70M,1.731B,137.80M,2.238B,6.003B,1.339B,981.90M,1.351B,3.765B,5.021B,2.414B,217.40M,351.40M,64.00M
DRI,2014-11,-79.80M,157.50M,1.270B,35.00M,265.70M,-0.26,-0.26,1.447B,5.548B,289.30M,2014-11,193.50M,-32.80M,-33.70M,-33.70M,3.338B,498.60M,1.519B,18.40M,507.80M,-54.60M,-23.80M,1.559B,190.80M,2.106B,5.788B,1.201B,719.40M,1.306B,3.682B,5.068B,2.376B,270.90M,403.20M,66.70M
DRI,2014-08,-102.50M,413.70M,1.283B,115.00M,266.40M,3.81,3.81,1.447B,5.464B,313.20M,2014-08,201.60M,503.20M,-111.30M,-111.30M,3.38B,498.00M,1.520B,74.60M,716.40M,-43.70M,-24.40M,1.596B,159.90M,2.128B,6.124B,817.00M,1.004B,1.602B,3.996B,5.120B,2.394B,238.60M,615.40M,86.20M
DRI,2014-05,-128.10M,98.30M,1.316B,222.60M,299.70M,0.66,0.65,1.447B,5.431B,334.00M,2014-05,196.80M,86.50M,-35.50M,-35.50M,3.381B,492.30M,2.463B,84.50M,513.60M,33.80M,-14.50M,1.650B,171.10M,2.157B,7.083B,1.302B,1.976B,1.618B,4.926B,5.107B,3.307B,249.50M,368.00M,83.80M
DRI,2014-02,-128.00M,127.00M,1.266B,196.50M,347.40M,0.84,0.82,1.482B,7.770B,352.70M,2014-02,461.00M,109.70M,-33.10M,-33.10M,4.512B,597.50M,2.534B,122.20M,586.50M,89.10M,2.50M,1.618B,154.20M,2.122B,7.225B,1.281B,909.20M,1.642B,5.103B,6.316B,3.462B,230.50M,436.60M,69.00M
DRI,2013-11,-127.90M,84.60M,1.200B,339.20M,248.40M,0.15,0.15,1.482B,7.706B,285.10M,2013-11,418.00M,19.80M,-32.90M,-32.90M,4.522B,591.90M,2.533B,34.90M,592.10M,1.80M,-4.20M,1.486B,174.70M,2.059B,7.157B,1.256B,834.30M,1.646B,5.098B,6.323B,3.452B,250.20M,446.50M,83.00M
DRI,2013-08,-134.40M,108.90M,1.208B,227.00M,242.30M,0.54,0.53,1.482B,7.597B,323.40M,2013-08,373.30M,70.20M,-32.80M,-32.80M,4.470B,591.40M,2.530B,83.60M,621.50M,49.80M,7.60M,1.532B,165.60M,2.072B,7.064B,1.223B,809.70M,1.563B,4.992B,6.254B,3.429B,239.80M,480.50M,80.30M
DRI,2013-05,-132.80M,88.20M,-254.20M,164.50M,270.50M,1.03,1.01,1.482B,7.441B,-77.80M,2013-05,356.90M,133.10M,-33.30M,-33.30M,4.391B,586.90M,2.549B,-54.40M,623.10M,-88.60M,-46.60M,-332.00M,-8.90M,2.060B,6.937B,1.208B,764.90M,1.416B,4.877B,6.172B,3.461B,-23.40M,454.90M,85.40M
DRI,2013-02,-150.30M,103.90M,1.752B,216.90M,315.40M,1.04,1.02,1.479B,7.317B,505.90M,2013-02,432.60M,134.40M,-31.90M,-31.90M,4.335B,593.30M,2.555B,205.10M,542.90M,173.20M,38.70M,2.258B,199.80M,1.950B,6.958B,1.184B,853.40M,1.535B,5.008B,6.104B,3.472B,300.80M,407.40M,68.10M
DRI,2012-11,-147.70M,61.40M,1.569B,376.00M,220.70M,0.26,0.26,1.479B,7.188B,391.30M,2012-11,425.30M,33.60M,-32.90M,-32.90M,4.286B,559.80M,2.557B,76.00M,510.90M,43.10M,9.40M,1.96B,216.10M,1.863B,6.833B,1.164B,800.60M,1.544B,4.969B,6.032B,3.426B,315.30M,376.10M,66.70M
DRI,2012-08,-147.80M,51.50M,1.550B,595.70M,204.10M,0.86,0.85,1.004B,6.881B,485.00M,2012-08,404.00M,110.80M,-27.90M,-27.90M,4.036B,513.70M,1.508B,174.20M,567.80M,146.30M,35.30M,2.035B,218.20M,1.86B,6.020B,2.542B,726.80M,1.861B,4.160B,5.294B,2.300B,310.80M,435.20M,59.00M
DRI,2012-05,-146.60M,70.50M,-506.00M,612.60M,231.70M,1.18,1.15,1.089B,6.726B,-100.10M,2012-05,404.10M,151.20M,-27.60M,-27.60M,3.951B,517.30M,1.508B,-54.40M,551.60M,-82.20M,-36.40M,-606.10M,-28.20M,1.842B,5.944B,2.519B,757.60M,1.774B,4.102B,5.187B,2.328B,-45.70M,381.70M,71.40M
DRI,2012-02,-97.50M,88.50M,1.627B,637.60M,267.30M,1.28,1.25,1.004B,6.600B,532.40M,2012-02,453.60M,164.10M,-27.70M,-27.70M,3.883B,528.70M,1.508B,245.50M,526.10M,217.80M,53.70M,2.160B,198.00M,1.776B,5.927B,2.484B,805.30M,1.898B,4.151B,5.122B,2.253B,286.90M,367.50M,55.50M
DRI,2011-11,-101.90M,50.20M,1.461B,804.90M,190.50M,0.41,0.4,1.005B,6.491B,370.90M,2011-11,396.60M,53.70M,-25.20M,-25.20M,3.838B,558.80M,1.508B,97.70M,456.20M,72.50M,18.40M,1.832B,187.40M,1.714B,5.865B,0,798.00M,1.865B,4.151B,5.067B,2.286B,273.20M,328.70M,75.80M
DRI,2011-08,-88.10M,74.20M,1.506B,330.50M,177.80M,0.8,0.78,970.90M,6.301B,435.60M,2011-08,343.00M,106.60M,-21.70M,-21.70M,3.690B,543.00M,1.462B,168.70M,374.80M,147.00M,40.20M,1.942B,182.80M,1.903B,5.594B,0,732.00M,1.452B,3.691B,4.862B,2.239B,266.90M,374.80M,64.40M
DRI,2011-05,-59.80M,70.50M,1.514B,185.50M,200.00M,1.02,0.99,1.055B,6.167B,476.20M,2011-05,300.10M,137.50M,-21.50M,-21.50M,3.622B,531.60M,1.463B,207.80M,567.50M,186.30M,48.40M,1.990B,186.80M,1.936B,5.467B,2.409B,663.80M,1.287B,3.530B,4.803B,2.244B,268.40M,386.40M,65.40M
