Ticker,Date,Accrued Comprehensive Inc,Cash and Short Term Investments,Cost of Goods Sold,Current Debt & Capital Lease Obligation,Current Deferred Liabilities,EPS Basic,EPS Diluted,Goodwill and Intangibles,Gross PP&E,Gross Profit,Income (Quarterly),Inventories,Net Income,Net Non-Operating Interest Income Expense,Net Operating Interest Income,Net PP&E,Non-Current Deferred Liabilities,Non-Current Portion of LTD and Capital Lease Obligation,Operating Income,Payables and Accrued Expenses,Pre-Tax Income,Provision for Income Taxes,Revenue,Shareholders Equity,Total Assets,Total Capital Stock,Total Current Assets,Total Current Liabilities,Total Liabilities,Total Long Term Assets,Total Long Term Liabilities,Total Operating Expenses,Total Payables,Total Receivables
DTE,2020-12,-137.00M,514.00M,2.339B,540.00M,0,1.42,1.42,4.805B,38.15B,949.00M,2020-12,716.00M,275.00M,-181.00M,-181.00M,28.12B,2.822B,19.11B,486.00M,1.397B,324.00M,49.00M,3.288B,12.42B,45.50B,5.406B,3.498B,2.691B,32.91B,42.00B,30.22B,463.00M,1.239B,1.792B
DTE,2020-09,-138.00M,945.00M,2.223B,1.487B,0,2.47,2.46,4.823B,37.41B,1.061B,2020-09,815.00M,476.00M,-163.00M,-163.00M,27.32B,2.736B,18.34B,602.00M,1.327B,540.00M,63.00M,3.284B,12.32B,44.44B,5.369B,3.821B,3.417B,31.95B,40.62B,28.53B,459.00M,1.16B,1.559B
DTE,2020-06,-141.00M,579.00M,1.727B,1.616B,384.00M,1.44,1.44,4.845B,36.84B,856.00M,2020-06,785.00M,277.00M,-173.00M,-173.00M,26.88B,2.65B,17.46B,429.00M,1.574B,283.00M,6.00M,2.583B,11.72B,43.74B,5.247B,3.497B,4.196B,31.85B,40.24B,27.65B,427.00M,1.415B,1.746B
DTE,2020-03,-145.00M,552.00M,2.014B,1.55B,382.00M,1.77,1.76,4.868B,36.31B,1.008B,2020-03,707.00M,340.00M,-165.00M,-165.00M,26.40B,2.553B,17.15B,542.00M,1.392B,391.00M,49.00M,3.022B,11.82B,43.23B,5.235B,3.526B,3.972B,31.24B,39.71B,27.27B,466.00M,1.223B,1.742B
DTE,2019-12,-148.00M,93.00M,2.289B,1.548B,379.00M,1.39,1.39,4.857B,35.24B,859.00M,2019-12,759.00M,267.00M,-167.00M,-167.00M,25.49B,2.315B,16.06B,440.00M,1.418B,298.00M,30.00M,3.148B,11.67B,42.27B,5.233B,3.086B,3.997B,30.43B,39.18B,26.44B,419.00M,1.271B,1.887B
DTE,2019-09,-146.00M,76.00M,2.245B,1.964B,0,1.74,1.73,3.233B,33.62B,874.00M,2019-09,806.00M,319.00M,-158.00M,-158.00M,23.90B,2.257B,13.96B,451.00M,1.359B,364.00M,47.00M,3.119B,10.74B,38.34B,4.37B,2.985B,3.865B,27.44B,35.36B,23.58B,423.00M,1.206B,1.717B
DTE,2019-06,-146.00M,62.00M,2.178B,1.535B,0,0.99,0.99,3.13B,32.98B,710.00M,2019-06,765.00M,182.00M,-151.00M,-151.00M,22.44B,2.063B,13.67B,319.00M,1.538B,200.00M,21.00M,2.888B,10.40B,36.85B,4.344B,2.726B,3.654B,26.28B,34.12B,22.63B,391.00M,1.397B,1.529B
DTE,2019-03,-143.00M,56.00M,2.558B,1.688B,0,2.2,2.19,3.139B,32.35B,956.00M,2019-03,604.00M,401.00M,-148.00M,-148.00M,22.00B,2.029B,12.87B,549.00M,1.303B,462.00M,54.00M,3.514B,10.54B,36.43B,4.324B,2.84B,3.647B,25.41B,33.59B,21.77B,407.00M,1.154B,1.755B
DTE,2018-12,-120.00M,71.00M,3.003B,2.108B,0,1.05,1.04,3.142B,31.81B,747.00M,2018-12,811.00M,191.00M,-144.00M,-144.00M,21.65B,1.975B,12.13B,359.00M,1.628B,173.00M,-23.00M,3.75B,10.24B,36.29B,4.245B,3.26B,4.438B,25.57B,33.03B,21.13B,388.00M,1.501B,1.897B
DTE,2018-09,-118.00M,84.00M,2.739B,78.00M,0,1.84,1.84,3.157B,32.60B,811.00M,2018-09,767.00M,334.00M,-139.00M,-139.00M,21.61B,1.974B,13.62B,446.00M,1.464B,369.00M,34.00M,3.55B,10.21B,35.29B,4.232B,3.103B,2.117B,24.60B,32.19B,22.48B,365.00M,1.321B,1.773B
DTE,2018-06,-121.00M,63.00M,2.46B,479.00M,0,1.29,1.29,3.155B,32.12B,699.00M,2018-06,675.00M,234.00M,-132.00M,-132.00M,21.24B,1.936B,12.70B,336.00M,1.493B,255.00M,19.00M,3.159B,9.844B,34.33B,4.205B,2.895B,2.499B,24.01B,31.44B,21.51B,363.00M,1.38B,1.837B
DTE,2018-03,-123.00M,164.00M,2.86B,741.00M,0,2.01,2,3.16B,31.66B,893.00M,2018-03,597.00M,361.00M,-132.00M,-132.00M,20.87B,1.936B,12.18B,508.00M,1.212B,419.00M,68.00M,3.753B,9.888B,33.84B,4.163B,2.957B,2.541B,23.48B,30.88B,20.94B,385.00M,1.08B,1.825B
DTE,2017-12,-120.00M,66.00M,2.499B,730.00M,0,1.6,1.6,3.16B,31.42B,772.00M,2017-12,779.00M,287.00M,-129.00M,-129.00M,20.72B,1.888B,12.18B,410.00M,1.44B,214.00M,-66.00M,3.271B,9.512B,33.77B,3.989B,3.081B,2.812B,23.78B,30.69B,20.96B,362.00M,1.329B,1.856B
DTE,2017-09,-120.00M,63.00M,2.456B,768.00M,0,1.51,1.51,3.176B,30.92B,789.00M,2017-09,816.00M,270.00M,-142.00M,-142.00M,20.31B,4.396B,11.80B,445.00M,1.273B,337.00M,74.00M,3.245B,9.373B,33.07B,3.978B,2.815B,2.598B,23.22B,30.26B,20.62B,344.00M,1.142B,1.561B
DTE,2017-06,-125.00M,62.00M,2.186B,832.00M,0,0.99,0.99,3.181B,30.60B,669.00M,2017-06,743.00M,177.00M,-131.00M,-131.00M,20.06B,4.293B,11.36B,328.00M,1.389B,232.00M,57.00M,2.855B,9.088B,32.58B,3.968B,2.631B,2.747B,23.01B,29.95B,20.26B,341.00M,1.284B,1.543B
DTE,2017-03,-129.00M,82.00M,2.293B,72.00M,0,2.23,2.23,3.129B,30.29B,943.00M,2017-03,640.00M,400.00M,-122.00M,-122.00M,19.87B,4.27B,11.76B,592.00M,1.189B,504.00M,110.00M,3.236B,9.194B,32.15B,3.958B,2.567B,1.834B,22.46B,29.58B,20.63B,351.00M,1.058B,1.509B
DTE,2016-12,-133.00M,92.00M,2.162B,513.00M,0,0.73,0.73,3.128B,30.03B,712.00M,2016-12,772.00M,131.00M,-128.00M,-128.00M,19.73B,4.162B,11.27B,356.00M,1.323B,152.00M,28.00M,2.874B,9.011B,32.04B,4.03B,2.762B,2.437B,22.54B,29.28B,20.10B,356.00M,1.227B,1.593B
DTE,2016-09,-138.00M,66.00M,2.099B,425.00M,0,1.88,1.88,2.109B,28.75B,829.00M,2016-09,793.00M,338.00M,-111.00M,-111.00M,18.55B,4.14B,9.478B,512.00M,1.066B,435.00M,110.00M,2.928B,9.13B,29.46B,4.137B,2.595B,1.969B,20.31B,26.87B,18.34B,317.00M,951.00M,1.337B
DTE,2016-06,-142.00M,32.00M,1.673B,340.00M,0,0.84,0.84,2.115B,28.37B,589.00M,2016-06,717.00M,152.00M,-111.00M,-111.00M,18.30B,4.026B,9.343B,260.00M,1.105B,195.00M,50.00M,2.262B,8.778B,28.77B,4.129B,2.258B,1.883B,19.97B,26.51B,18.09B,329.00M,1.014B,1.262B
DTE,2016-03,-140.00M,35.00M,1.857B,827.00M,0,1.38,1.37,2.108B,28.27B,709.00M,2016-03,660.00M,247.00M,-102.00M,-102.00M,18.13B,4.006B,8.758B,386.00M,899.00M,323.00M,83.00M,2.566B,8.887B,28.56B,4.118B,2.362B,2.209B,19.65B,26.20B,17.44B,323.00M,780.00M,1.265B
DTE,2015-12,-145.00M,37.00M,1.947B,972.00M,0,0.44,0.44,2.107B,28.12B,540.00M,2015-12,803.00M,80.00M,-106.00M,-106.00M,18.03B,3.923B,8.76B,252.00M,1.029B,57.00M,-20.00M,2.487B,8.772B,28.66B,4.123B,2.575B,2.528B,19.87B,26.09B,17.34B,288.00M,940.00M,1.348B
DTE,2015-09,-150.00M,67.00M,1.87B,653.00M,0,1.47,1.47,2.107B,28.01B,728.00M,2015-09,840.00M,265.00M,-112.00M,-112.00M,17.87B,4.022B,8.856B,441.00M,1.085B,366.00M,102.00M,2.598B,8.812B,28.65B,4.117B,2.70B,2.273B,19.82B,25.95B,17.55B,287.00M,966.00M,1.321B
DTE,2015-06,-151.00M,230.00M,1.735B,467.00M,0,0.61,0.61,2.108B,27.58B,533.00M,2015-06,731.00M,109.00M,-113.00M,-113.00M,17.58B,3.914B,8.835B,222.00M,1.194B,131.00M,26.00M,2.268B,8.539B,28.35B,4.11B,2.691B,2.232B,19.79B,25.66B,17.56B,311.00M,1.103B,1.364B
DTE,2015-03,-155.00M,99.00M,2.224B,166.00M,0,1.53,1.53,2.118B,27.12B,760.00M,2015-03,633.00M,273.00M,-106.00M,-106.00M,17.24B,3.858B,8.838B,451.00M,1.065B,396.00M,122.00M,2.984B,8.665B,28.07B,4.093B,2.788B,1.839B,19.39B,25.28B,17.55B,309.00M,949.00M,1.607B
DTE,2014-12,-155.00M,48.00M,2.164B,672.00M,0,1.68,1.68,2.12B,26.54B,914.00M,2014-12,804.00M,299.00M,-103.00M,-103.00M,16.82B,3.701B,8.343B,561.00M,1.181B,436.00M,135.00M,3.078B,8.327B,27.90B,3.904B,3.012B,2.577B,19.56B,24.89B,16.98B,353.00M,1.095B,1.598B
DTE,2014-09,-133.00M,60.00M,1.979B,927.00M,0,0.88,0.88,2.126B,26.17B,616.00M,2014-09,793.00M,156.00M,-105.00M,-105.00M,16.50B,3.546B,7.909B,237.00M,1.105B,178.00M,21.00M,2.595B,8.169B,26.38B,3.90B,2.755B,2.805B,18.19B,23.62B,15.38B,379.00M,995.00M,1.377B
DTE,2014-06,-134.00M,75.00M,2.087B,740.00M,0,0.7,0.7,2.13B,25.84B,611.00M,2014-06,619.00M,124.00M,-103.00M,-103.00M,16.31B,3.50B,7.813B,242.00M,1.27B,176.00M,50.00M,2.698B,8.008B,26.19B,3.896B,2.721B,2.819B,18.16B,23.47B,15.34B,369.00M,1.184B,1.526B
DTE,2014-03,-137.00M,98.00M,2.996B,1.444B,0,1.84,1.84,2.136B,25.38B,934.00M,2014-03,480.00M,326.00M,-108.00M,-108.00M,15.98B,3.39B,6.923B,559.00M,1.179B,485.00M,158.00M,3.93B,8.117B,26.16B,3.894B,2.973B,3.569B,18.02B,23.19B,14.46B,375.00M,1.061B,1.951B
DTE,2013-12,-136.00M,52.00M,1.934B,1.029B,0,0.69,0.69,2.14B,25.12B,599.00M,2013-12,628.00M,124.00M,-107.00M,-107.00M,15.80B,3.321B,7.214B,232.00M,1.168B,155.00M,29.00M,2.533B,7.921B,25.94B,3.907B,2.806B,3.189B,17.98B,23.13B,14.79B,367.00M,1.078B,1.669B
DTE,2013-09,-151.00M,71.00M,1.695B,1.167B,0,1.13,1.13,2.14B,24.80B,692.00M,2013-09,725.00M,198.00M,-104.00M,-104.00M,15.51B,3.29B,6.846B,329.00M,1.096B,276.00M,76.00M,2.387B,7.876B,26.23B,3.885B,2.549B,3.008B,18.32B,23.68B,15.31B,363.00M,982.00M,1.32B
DTE,2013-06,-155.00M,46.00M,1.645B,1.095B,146.00M,0.6,0.6,2.156B,24.36B,580.00M,2013-06,627.00M,105.00M,-109.00M,-109.00M,15.19B,3.28B,6.806B,223.00M,1.134B,151.00M,44.00M,2.225B,7.552B,25.94B,3.762B,2.496B,2.962B,18.36B,23.45B,15.40B,357.00M,1.037B,1.416B
DTE,2013-03,-156.00M,218.00M,1.759B,840.00M,211.00M,1.35,1.34,2.153B,23.94B,757.00M,2013-03,540.00M,234.00M,-107.00M,-107.00M,14.87B,3.245B,7.218B,410.00M,942.00M,340.00M,105.00M,2.516B,7.596B,25.95B,3.683B,2.769B,2.476B,18.32B,23.18B,15.84B,347.00M,819.00M,1.549B
DTE,2012-12,-158.00M,65.00M,1.73B,1.057B,238.00M,0.47,0.47,2.153B,23.63B,619.00M,2012-12,761.00M,81.00M,-106.00M,-106.00M,14.68B,3.191B,7.014B,264.00M,1.048B,174.00M,35.00M,2.349B,7.373B,26.34B,3.587B,2.915B,2.768B,18.93B,23.42B,16.16B,355.00M,955.00M,1.462B
DTE,2012-09,-147.00M,59.00M,1.448B,731.00M,0,1.32,1.31,2.087B,23.44B,742.00M,2012-09,785.00M,227.00M,-107.00M,-107.00M,14.40B,3.331B,7.12B,406.00M,953.00M,337.00M,108.00M,2.19B,7.389B,25.91B,3.567B,2.73B,2.309B,18.48B,23.18B,16.17B,336.00M,831.00M,1.235B
DTE,2012-06,-151.00M,185.00M,1.40B,887.00M,0,0.86,0.86,2.087B,23.08B,613.00M,2012-06,710.00M,146.00M,-106.00M,-106.00M,14.15B,3.323B,7.212B,294.00M,1.029B,218.00M,70.00M,2.013B,7.142B,26.08B,3.549B,3.05B,2.635B,18.89B,23.02B,16.26B,319.00M,935.00M,1.403B
DTE,2012-03,-153.00M,57.00M,1.61B,843.00M,0,0.91,0.91,2.09B,22.78B,629.00M,2012-03,666.00M,156.00M,-111.00M,-111.00M,13.92B,3.251B,7.093B,312.00M,911.00M,231.00M,73.00M,2.239B,7.104B,25.85B,3.453B,2.951B,2.53B,18.70B,22.90B,16.17B,317.00M,790.00M,1.384B
DTE,2011-12,-158.00M,68.00M,3.441B,945.00M,0,0.88,0.88,2.093B,22.54B,-1.307B,2011-12,791.00M,150.00M,-116.00M,-116.00M,13.75B,3.116B,7.187B,344.00M,976.00M,248.00M,88.00M,2.134B,7.009B,26.01B,3.417B,3.196B,2.628B,18.96B,22.81B,16.33B,-1.651B,881.00M,1.407B
DTE,2011-09,-146.00M,46.00M,866.00M,522.00M,0,1.08,1.07,2.094B,22.31B,1.399B,2011-09,776.00M,183.00M,-117.00M,-117.00M,13.42B,3.144B,7.497B,399.00M,928.00M,286.00M,101.00M,2.265B,6.97B,24.78B,3.418B,2.911B,2.10B,17.77B,21.87B,15.67B,1.00B,807.00M,1.327B
DTE,2011-06,-146.00M,170.00M,771.00M,477.00M,0,1.19,1.19,2.091B,22.12B,1.257B,2011-06,685.00M,202.00M,-122.00M,-122.00M,13.28B,3.034B,7.507B,288.00M,1.033B,176.00M,-24.00M,2.028B,6.785B,24.58B,0,2.771B,2.246B,17.76B,21.81B,15.51B,969.00M,932.00M,1.448B
DTE,2011-03,-148.00M,319.00M,1.071B,899.00M,0,1.04,1.04,2.089B,21.73B,1.36B,2011-03,536.00M,176.00M,-123.00M,-123.00M,13.05B,2.704B,7.015B,390.00M,860.00M,281.00M,103.00M,2.431B,6.793B,24.49B,0,2.80B,2.555B,17.65B,21.69B,15.10B,970.00M,726.00M,1.513B
