Ticker,Date,Accrued Comprehensive Inc,Cash and Short Term Investments,Cost of Goods Sold,Current Debt & Capital Lease Obligation,EPS Basic,EPS Diluted,Goodwill and Intangibles,Gross PP&E,Gross Profit,Income (Quarterly),Inventories,Net Income,Net Non-Operating Interest Income Expense,Net Operating Interest Income,Net PP&E,Non-Current Deferred Liabilities,Non-Current Portion of LTD and Capital Lease Obligation,Operating Income,Payables and Accrued Expenses,Pre-Tax Income,Provision for Income Taxes,Revenue,SG&A Expense,Shareholders Equity,Total Assets,Total Capital Stock,Total Current Assets,Total Current Liabilities,Total Liabilities,Total Long Term Assets,Total Long Term Liabilities,Total Operating Expenses,Total Payables,Total Receivables
DVA,2020-12,-66.15M,345.06M,2.057B,538.04M,1.56,1.5,7.086B,10.87B,848.44M,2020-12,111.62M,173.77M,-60.47M,-60.47M,6.385B,809.60M,10.66B,382.44M,565.60M,327.37M,73.37M,2.905B,304.52M,1.384B,16.99B,0.11M,3.149B,2.476B,15.42B,13.84B,12.95B,466.00M,481.10M,2.439B
DVA,2020-09,-122.53M,729.87M,1.972B,528.98M,1.31,1.28,6.986B,10.62B,952.35M,2020-09,106.25M,158.67M,-73.66M,-73.66M,6.252B,765.69M,10.58B,432.17M,388.50M,283.33M,65.79M,2.924B,363.28M,1.575B,17.05B,0.126M,3.430B,2.499B,15.29B,13.62B,12.79B,520.17M,388.50M,2.428B
DVA,2020-06,-135.11M,3.083B,1.985B,2.267B,1.65,1.62,6.904B,10.47B,895.42M,2020-06,97.90M,201.60M,-81.38M,-81.38M,6.245B,706.41M,10.60B,421.83M,418.88M,338.08M,83.21M,2.880B,316.21M,2.154B,19.31B,0.126M,5.780B,4.275B,16.97B,13.53B,12.70B,473.58M,418.88M,2.429B
DVA,2020-03,-140.52M,1.391B,1.975B,502.35M,1.92,1.89,6.896B,10.39B,865.79M,2020-03,95.68M,239.59M,-91.55M,-91.55M,6.293B,675.73M,11.18B,447.53M,363.61M,369.48M,91.56M,2.841B,263.58M,1.948B,17.60B,0.126M,4.024B,2.221B,15.46B,13.57B,13.24B,418.26M,363.61M,2.371B
DVA,2019-12,-47.50M,1.114B,2.001B,474.62M,1.89,1.88,6.923B,10.27B,897.96M,2019-12,97.95M,244.87M,-92.05M,-92.05M,6.303B,577.54M,10.70B,461.07M,596.38M,382.02M,81.69M,2.899B,278.42M,2.133B,17.31B,0.126M,3.690B,2.372B,14.99B,13.62B,12.62B,436.89M,482.54M,2.305B
DVA,2019-09,-77.60M,1.354B,1.991B,495.66M,0.95,0.95,6.883B,9.993B,912.91M,2019-09,98.64M,143.27M,-88.59M,-88.59M,6.201B,604.92M,10.70B,458.26M,332.14M,273.78M,65.25M,2.904B,298.74M,2.319B,17.45B,0.167M,3.999B,2.207B,14.94B,13.45B,12.73B,454.65M,332.14M,2.392B
DVA,2019-06,-33.61M,3.581B,1.958B,3.964B,1.64,1.64,6.986B,9.846B,884.95M,2019-06,96.82M,273.55M,-131.67M,-131.67M,6.196B,593.56M,8.067B,457.37M,388.96M,323.70M,75.94M,2.843B,275.34M,4.049B,19.93B,0.167M,6.391B,5.707B,15.69B,13.54B,9.981B,427.58M,388.96M,2.552B
DVA,2019-03,-47.55M,463.28M,1.965B,5.044B,0.9,0.9,6.918B,9.668B,778.18M,2019-03,104.24M,149.29M,-131.52M,-131.52M,6.129B,588.80M,8.413B,378.84M,365.19M,215.93M,56.75M,2.743B,250.81M,3.875B,22.61B,0.166M,9.225B,8.231B,18.52B,13.38B,10.29B,399.34M,365.19M,2.486B
DVA,2018-12,-34.92M,325.97M,2.027B,1.929B,-0.9,-0.9,6.961B,6.918B,794.06M,2018-12,107.38M,-149.77M,-128.30M,-128.30M,3.394B,562.54M,8.173B,370.37M,633.33M,259.11M,51.75M,2.821B,268.53M,3.703B,19.11B,0.166M,8.424B,4.891B,15.20B,10.69B,10.31B,423.69M,491.93M,2.397B
DVA,2018-09,-29.11M,452.94M,2.064B,1.784B,-0.82,-0.82,6.800B,6.730B,783.56M,2018-09,91.10M,-136.80M,-125.93M,-125.93M,3.276B,515.89M,8.441B,300.46M,458.93M,167.12M,52.05M,2.847B,336.30M,3.825B,19.36B,0.183M,8.930B,4.855B,15.33B,10.43B,10.47B,483.10M,458.93M,2.257B
DVA,2018-06,-21.92M,393.79M,2.069B,1.769B,1.56,1.53,6.779B,6.557B,817.86M,2018-06,112.73M,267.28M,-119.69M,-119.69M,3.229B,526.42M,8.176B,408.79M,542.27M,320.49M,83.87M,2.887B,264.09M,4.279B,19.44B,0.183M,9.085B,4.784B,14.95B,10.35B,10.17B,409.07M,542.27M,2.337B
DVA,2018-03,27.34M,363.48M,2.036B,184.14M,1,0.98,6.752B,6.416B,813.86M,2018-03,125.56M,178.69M,-113.52M,-113.52M,3.185B,507.23M,9.280B,410.53M,437.73M,301.75M,70.74M,2.849B,266.53M,4.581B,18.94B,0.183M,8.674B,2.948B,14.16B,10.27B,11.21B,403.33M,437.73M,2.265B
DVA,2017-12,13.24M,541.06M,1.942B,178.21M,1.66,1.64,6.724B,6.253B,839.23M,2017-12,181.80M,303.40M,-109.00M,-109.00M,3.149B,486.25M,9.158B,435.09M,685.72M,46.82M,-150.27M,2.781B,265.42M,4.690B,18.97B,0.182M,8.771B,3.068B,14.09B,10.20B,11.02B,404.14M,537.43M,2.163B
DVA,2017-09,3.476M,983.47M,1.952B,189.82M,-1.14,-1.14,10.87B,6.537B,813.46M,2017-09,154.42M,-214.48M,-109.31M,-109.31M,3.386B,685.60M,8.909B,400.60M,981.57M,289.38M,90.55M,2.765B,272.91M,4.785B,19.01B,0.195M,4.034B,2.875B,14.04B,14.98B,11.17B,412.86M,981.57M,2.690B
DVA,2017-06,-27.31M,923.43M,1.895B,182.32M,0.66,0.65,11.35B,6.379B,804.74M,2017-06,199.30M,127.00M,-107.93M,-107.93M,3.248B,855.16M,8.911B,402.52M,945.44M,288.06M,101.92M,2.699B,262.80M,5.084B,19.34B,0.195M,4.024B,2.773B,14.07B,15.32B,11.30B,402.22M,945.44M,2.699B
DVA,2017-03,-76.89M,1.785B,1.852B,170.22M,2.33,2.29,10.94B,6.125B,779.21M,2017-03,174.16M,447.70M,-104.40M,-104.40M,3.171B,830.99M,8.919B,381.52M,1.104B,775.52M,281.66M,2.631B,262.90M,5.140B,19.39B,0.195M,4.604B,2.814B,14.05B,14.78B,11.23B,397.69M,1.104B,2.440B
DVA,2016-12,-89.64M,981.76M,1.883B,160.26M,0.81,0.8,6.089B,5.562B,816.64M,2016-12,160.42M,157.73M,-103.93M,-103.93M,2.864B,530.87M,8.945B,398.63M,640.75M,259.67M,83.17M,2.699B,285.10M,4.648B,18.76B,0.195M,3.995B,2.711B,13.91B,14.76B,11.20B,418.01M,481.66M,1.792B
DVA,2016-09,-52.23M,1.573B,2.698B,152.76M,2.8,2.76,10.96B,5.773B,1.033B,2016-09,200.56M,571.33M,-104.58M,-104.58M,3.045B,802.11M,8.972B,440.54M,812.29M,716.45M,104.30M,3.731B,406.89M,4.912B,18.93B,0.217M,4.261B,2.639B,13.81B,14.66B,11.17B,592.40M,812.29M,2.311B
DVA,2016-06,-60.04M,1.678B,2.671B,144.18M,0.26,0.26,10.99B,5.595B,1.047B,2016-06,197.39M,53.38M,-102.89M,-102.89M,2.972B,772.33M,8.957B,475.78M,853.60M,229.39M,134.89M,3.718B,386.90M,4.746B,18.69B,0.217M,4.496B,2.646B,13.73B,14.20B,11.09B,570.84M,853.60M,2.433B
DVA,2016-03,-53.51M,1.438B,2.582B,137.97M,0.48,0.47,11.16B,0,998.80M,2016-03,192.69M,97.43M,-102.88M,-102.88M,2.911B,792.04M,8.980B,440.50M,798.04M,264.98M,126.82M,3.581B,386.43M,4.704B,18.51B,0.217M,4.200B,2.444B,13.59B,14.31B,11.15B,558.30M,798.04M,2.382B
DVA,2015-12,-59.83M,1.907B,-453.64M,129.04M,-0.03,-0.03,10.98B,5.186B,187.64M,2015-12,185.58M,-6.00M,-103.26M,-103.26M,2.789B,726.96M,9.001B,207.81M,1.091B,111.56M,23.62M,-266.00M,-12.13M,4.871B,18.51B,0.217M,4.503B,2.399B,13.43B,14.01B,11.03B,-20.17M,929.03M,2.220B
DVA,2015-09,-54.34M,1.970B,2.501B,114.62M,1.02,1,11.31B,4.927B,1.025B,2015-09,173.05M,215.87M,-103.48M,-103.48M,2.622B,906.81M,9.082B,506.58M,828.09M,408.37M,147.06M,3.526B,353.49M,4.990B,18.89B,0.217M,4.738B,2.411B,13.70B,14.16B,11.29B,518.06M,828.09M,2.166B
DVA,2015-06,-44.38M,1.876B,2.446B,108.80M,0.8,0.78,11.32B,4.772B,988.54M,2015-06,159.35M,170.48M,-152.32M,-152.32M,2.565B,900.96M,9.101B,479.58M,830.39M,330.54M,122.76M,3.435B,347.96M,5.147B,18.95B,0.217M,4.781B,2.334B,13.60B,14.17B,11.27B,508.96M,830.39M,2.317B
DVA,2015-03,-47.62M,1.434B,2.363B,118.08M,-0.52,-0.52,11.34B,4.624B,925.35M,2015-03,145.74M,-110.62M,-97.39M,-97.39M,2.501B,880.82M,8.380B,427.94M,751.32M,-162.08M,-85.93M,3.288B,341.80M,4.971B,18.37B,0.216M,4.301B,2.680B,13.20B,14.07B,10.52B,497.42M,751.32M,2.099B
DVA,2014-12,-25.02M,1.303B,2.366B,120.15M,0.98,0.96,11.28B,4.499B,961.56M,2014-12,136.08M,208.02M,-97.95M,-97.95M,2.469B,650.08M,8.299B,447.54M,1.006B,354.36M,103.98M,3.328B,355.99M,5.171B,17.62B,0.216M,3.636B,2.089B,12.26B,13.98B,10.17B,514.01M,825.58M,2.011B
DVA,2014-09,-11.62M,1.669B,2.327B,121.53M,0.87,0.85,11.34B,4.357B,925.29M,2014-09,114.68M,184.12M,-99.88M,-99.88M,2.359B,844.19M,8.381B,432.31M,796.99M,336.41M,116.63M,3.252B,322.82M,4.975B,18.10B,0.215M,4.178B,2.598B,12.95B,13.92B,10.35B,492.98M,796.99M,1.815B
DVA,2014-06,0.666M,1.485B,2.247B,408.99M,0.7,0.68,11.28B,4.227B,925.95M,2014-06,99.65M,147.68M,-203.68M,-203.68M,2.291B,823.74M,8.391B,478.20M,710.30M,282.31M,100.89M,3.172B,298.64M,4.786B,17.93B,0.215M,4.161B,2.608B,12.97B,13.76B,10.36B,447.75M,710.30M,2.013B
DVA,2014-03,-1.639M,1.116B,2.180B,292.22M,0.87,0.85,11.27B,4.082B,863.00M,2014-03,101.17M,183.29M,-106.34M,-106.34M,2.224B,822.84M,8.072B,433.85M,760.72M,336.59M,124.85M,3.043B,284.06M,4.660B,17.40B,0.214M,3.707B,2.566B,12.56B,13.69B,9.995B,429.15M,760.72M,1.914B
DVA,2013-12,-2.645M,953.05M,2.128B,274.70M,1.01,0.99,11.24B,3.968B,935.38M,2013-12,88.80M,212.28M,-107.61M,-107.61M,2.189B,812.42M,8.141B,475.86M,903.05M,380.02M,135.75M,3.063B,318.83M,4.432B,17.10B,0.213M,3.472B,2.462B,12.49B,13.63B,10.03B,459.52M,772.50M,1.845B
DVA,2013-09,-4.214M,977.49M,2.095B,259.77M,0.65,0.64,11.20B,3.748B,904.25M,2013-09,84.90M,136.63M,-108.42M,-108.42M,2.048B,769.71M,8.181B,367.85M,629.16M,270.77M,100.93M,3.000B,305.14M,4.268B,16.83B,0.213M,3.381B,2.453B,12.39B,13.45B,9.937B,536.40M,629.16M,1.764B
DVA,2013-06,-3.334M,624.70M,2.014B,242.32M,1.21,1.18,11.13B,3.610B,857.35M,2013-06,78.00M,254.38M,-108.10M,-108.10M,1.991B,751.45M,8.234B,457.39M,592.59M,412.55M,129.19M,2.872B,268.11M,4.125B,16.46B,0.135M,3.132B,2.215B,12.17B,13.32B,9.958B,399.96M,592.59M,1.845B
DVA,2013-03,-16.74M,706.81M,1.961B,228.22M,0.14,0.14,11.12B,3.462B,868.69M,2013-03,76.58M,30.16M,-105.82M,-105.82M,1.915B,737.52M,8.277B,157.49M,666.55M,61.64M,15.14M,2.830B,284.41M,3.799B,16.41B,0.135M,3.191B,2.325B,12.46B,13.22B,10.13B,711.20M,666.55M,1.816B
DVA,2012-12,-15.30M,540.89M,1.707B,233.04M,0.77,0.755,11.08B,3.395B,770.39M,2012-12,78.13M,155.84M,-106.93M,-106.93M,1.872B,715.66M,8.327B,379.99M,833.74M,282.16M,97.90M,2.478B,273.77M,3.763B,16.01B,0.27M,2.887B,2.016B,12.10B,13.13B,10.08B,390.40M,710.78M,1.742B
DVA,2012-09,-18.28M,388.03M,1.327B,117.82M,0.76,0.75,5.503B,2.737B,618.52M,2012-09,78.32M,144.72M,-70.49M,-70.49M,1.655B,484.92M,5.621B,337.82M,272.63M,271.21M,98.65M,1.946B,197.91M,2.537B,10.82B,0.135M,2.326B,1.337B,8.154B,8.498B,6.817B,280.69M,272.63M,1.489B
DVA,2012-06,-19.38M,282.07M,1.299B,105.56M,0.505,0.495,5.420B,0,613.68M,2012-06,77.68M,95.34M,-60.71M,-60.71M,1.586B,431.20M,4.393B,244.64M,299.00M,187.39M,67.74M,1.913B,212.79M,2.379B,9.255B,0.135M,2.179B,1.236B,6.747B,7.076B,5.511B,369.04M,299.00M,1.473B
DVA,2012-03,-18.77M,457.91M,1.249B,89.65M,0.745,0.73,5.225B,0,600.14M,2012-03,72.28M,140.12M,-61.38M,-61.38M,1.491B,448.37M,4.402B,318.25M,349.55M,260.54M,95.56M,1.850B,205.40M,2.275B,9.157B,0.135M,2.374B,1.242B,6.755B,6.783B,5.513B,281.89M,349.55M,1.483B
DVA,2011-12,-19.48M,411.15M,1.167B,87.34M,0.795,0.78,5.106B,0,583.67M,2011-12,75.73M,148.12M,-61.75M,-61.75M,1.433B,423.10M,4.418B,321.27M,432.54M,293.08M,101.26M,1.750B,186.68M,2.141B,8.904B,0.135M,2.293B,1.165B,6.636B,6.611B,5.471B,262.40M,342.24M,1.477B
DVA,2011-09,-20.86M,565.87M,1.190B,82.50M,0.725,0.71,4.930B,0,568.19M,2011-09,73.29M,135.36M,-60.85M,-60.85M,1.336B,393.54M,4.417B,318.71M,298.26M,258.66M,94.20M,1.758B,182.64M,1.999B,8.707B,0.135M,2.370B,1.206B,6.624B,6.337B,5.418B,249.48M,298.26M,1.407B
DVA,2011-06,-11.79M,752.84M,1.163B,75.23M,0.525,0.515,4.380B,0,498.10M,2011-06,68.63M,100.02M,-59.90M,-59.90M,1.224B,456.36M,4.211B,270.62M,254.13M,187.28M,66.87M,1.661B,163.79M,1.881B,8.193B,0.135M,2.513B,1.036B,6.247B,5.679B,5.211B,227.47M,254.13M,1.412B
DVA,2011-03,-1.677M,1.029B,1.114B,74.55M,0.49,0.48,4.339B,0,448.23M,2011-03,69.64M,94.50M,-58.60M,-58.60M,1.184B,443.88M,4.242B,233.82M,227.40M,177.58M,62.96M,1.562B,151.60M,2.074B,8.323B,0.135M,2.727B,1.007B,6.186B,5.596B,5.179B,214.41M,227.40M,1.357B
