Ticker,Date,Accrued Comprehensive Inc,Cash and Short Term Investments,Cost of Goods Sold,Current Debt & Capital Lease Obligation,Current Deferred Liabilities,EPS Basic,EPS Diluted,Goodwill and Intangibles,Gross PP&E,Gross Profit,Income (Quarterly),Inventories,Net Income,Net Non-Operating Interest Income Expense,Net Operating Interest Income,Net PP&E,Non-Current Deferred Liabilities,Non-Current Portion of LTD and Capital Lease Obligation,Operating Income,Payables and Accrued Expenses,Pre-Tax Income,Provision for Income Taxes,Research and Development Expense,Revenue,SG&A Expense,Shareholders Equity,Total Assets,Total Capital Stock,Total Current Assets,Total Current Liabilities,Total Liabilities,Total Long Term Assets,Total Long Term Liabilities,Total Operating Expenses,Total Payables,Total Receivables
DXCM,2020-12,3.20M,2.708B,169.80M,16.50M,2.20M,3.75,3.63,19.30M,762.80M,399.10M,2020-12,234.70M,355.20M,-22.70M,-22.70M,608.60M,0,1.823B,104.00M,595.40M,81.30M,-273.90M,119.20M,568.90M,175.90M,1.826B,4.290B,0.10M,3.425B,614.10M,2.464B,865.70M,1.850B,295.10M,178.60M,428.50M
DXCM,2020-09,2.80M,2.604B,160.50M,15.80M,1.50M,0.75,0.73,19.00M,692.80M,340.40M,2020-09,200.70M,72.20M,-18.50M,-18.50M,556.10M,0,1.803B,94.10M,489.10M,75.10M,2.90M,87.70M,500.90M,158.60M,1.499B,3.833B,0.10M,3.237B,506.40M,2.334B,596.10M,1.828B,246.30M,167.80M,370.00M
DXCM,2020-06,3.50M,2.509B,167.70M,15.10M,1.70M,0.49,0.48,18.70M,577.20M,284.10M,2020-06,165.30M,46.30M,-16.20M,-16.20M,455.90M,0,1.746B,67.80M,383.30M,46.20M,-0.10M,79.90M,451.80M,136.40M,1.354B,3.522B,0.10M,3.033B,400.10M,2.168B,488.80M,1.768B,216.30M,129.80M,296.50M
DXCM,2020-03,3.70M,1.510B,148.60M,14.50M,1.80M,0.22,0.21,18.60M,526.90M,256.50M,2020-03,141.90M,19.90M,-11.20M,-11.20M,419.90M,9.40M,1.164B,33.60M,326.50M,22.40M,2.50M,73.10M,405.10M,149.80M,934.50M,2.448B,0.10M,1.996B,342.80M,1.513B,452.20M,1.171B,222.90M,124.00M,300.70M
DXCM,2019-12,2.30M,1.533B,153.50M,13.60M,1.70M,1.01,1,18.60M,497.80M,309.30M,2019-12,119.80M,92.70M,-7.20M,-7.20M,392.80M,7.50M,1.146B,101.50M,344.90M,94.30M,1.60M,78.80M,462.80M,129.00M,882.60M,2.395B,0.10M,1.969B,360.20M,1.512B,425.60M,1.152B,207.80M,116.30M,286.30M
DXCM,2019-09,1.00M,1.430B,149.40M,14.80M,4.30M,0.5,0.5,18.40M,437.20M,246.90M,2019-09,120.40M,45.80M,-10.20M,-10.20M,335.60M,0,1.096B,56.00M,302.60M,45.80M,0,66.70M,396.30M,124.20M,764.30M,2.186B,0.10M,1.816B,322.40M,1.421B,370.00M,1.099B,190.90M,121.70M,234.90M
DXCM,2019-06,2.00M,1.378B,129.90M,14.10M,3.50M,-0.12,-0.12,18.70M,388.00M,206.50M,2019-06,117.90M,-10.50M,-8.50M,-8.50M,289.00M,0,1.087B,-0.80M,268.80M,-9.30M,1.20M,69.00M,336.40M,138.30M,688.30M,2.066B,0.10M,1.744B,288.20M,1.378B,321.70M,1.089B,207.30M,113.70M,217.30M
DXCM,2019-03,1.60M,1.358B,111.70M,12.30M,2.70M,-0.3,-0.3,18.60M,337.50M,168.80M,2019-03,101.10M,-26.90M,-8.00M,-8.00M,249.10M,0,1.067B,-14.40M,219.30M,-26.60M,0.30M,59.00M,280.50M,124.20M,668.60M,1.974B,0.10M,1.691B,235.40M,1.305B,283.20M,1.07B,183.20M,102.60M,204.70M
DXCM,2018-12,1.50M,1.386B,115.20M,0,2.90M,-2.03,-2.03,18.70M,262.90M,222.80M,2018-12,70.70M,-179.70M,-7.40M,-7.40M,183.10M,0,1.018B,-164.60M,219.50M,-176.90M,2.80M,275.30M,338.00M,112.10M,663.30M,1.916B,0.10M,1.700B,222.40M,1.253B,216.50M,1.030B,387.40M,87.20M,226.70M
DXCM,2018-09,-0.30M,668.70M,98.10M,0,3.50M,0.53,0.52,18.40M,241.90M,168.60M,2018-09,55.20M,46.60M,-4.00M,-4.00M,169.60M,0,346.10M,13.90M,190.40M,44.80M,-1.80M,50.10M,266.70M,104.60M,562.20M,1.114B,0.10M,914.10M,193.90M,552.10M,200.20M,358.20M,154.70M,76.00M,169.80M
DXCM,2018-06,-1.30M,606.10M,88.90M,75.00M,6.80M,0.34,0.34,11.90M,222.30M,153.60M,2018-06,46.20M,30.20M,-4.80M,-4.80M,156.80M,8.10M,342.30M,-4.90M,164.00M,29.60M,-0.60M,47.20M,242.50M,111.30M,482.10M,1.008B,0.10M,836.00M,170.80M,525.40M,171.50M,354.60M,158.50M,75.30M,162.00M
DXCM,2018-03,-4.90M,533.90M,65.50M,1.70M,2.90M,-0.28,-0.28,12.30M,211.30M,118.90M,2018-03,51.60M,-24.20M,-0.70M,-0.70M,152.40M,8.50M,338.70M,-30.70M,122.20M,-24.00M,0.20M,44.80M,184.40M,104.80M,421.70M,896.80M,0.10M,729.30M,125.10M,475.10M,167.50M,350.00M,149.60M,47.70M,123.90M
DXCM,2017-12,-2.60M,548.60M,67.50M,0,3.20M,-0.11,-0.11,12.10M,200.40M,153.50M,2017-12,45.20M,-9.40M,0.10M,0.10M,145.60M,8.70M,334.30M,12.00M,135.70M,8.60M,18.00M,48.70M,221.00M,92.80M,419.40M,904.10M,0.10M,744.70M,138.90M,484.70M,159.40M,345.80M,141.50M,53.80M,134.30M
DXCM,2017-09,-2.20M,525.80M,57.60M,0,2.30M,-0.02,-0.02,12.00M,188.40M,127.00M,2017-09,43.30M,-2.00M,-3.30M,-3.30M,136.10M,8.80M,330.70M,-0.50M,115.90M,-2.50M,-0.50M,43.30M,184.60M,84.20M,384.00M,842.90M,0.10M,692.90M,118.20M,458.90M,150.00M,340.70M,127.50M,33.90M,110.50M
DXCM,2017-06,-1.60M,496.60M,53.10M,0,1.50M,0.03,0.03,11.90M,173.70M,117.50M,2017-06,42.80M,2.90M,-2.60M,-2.60M,125.00M,8.90M,327.20M,-13.60M,103.60M,-14.40M,-17.30M,45.30M,170.60M,85.80M,353.70M,795.60M,0.10M,656.80M,105.10M,441.90M,138.80M,336.80M,131.10M,30.40M,101.70M
DXCM,2017-03,-1.30M,181.10M,48.20M,0,1.20M,-0.49,-0.49,11.40M,156.60M,94.10M,2017-03,46.50M,-41.70M,-0.30M,-0.30M,123.40M,8.50M,6.70M,-40.40M,95.50M,-40.30M,1.40M,48.10M,142.30M,86.40M,277.80M,467.20M,0.10M,330.50M,171.70M,189.40M,136.70M,17.70M,134.50M,25.70M,85.90M
DXCM,2016-12,-1.00M,123.70M,54.50M,0,0.90M,-0.09,-0.09,11.30M,0,116.70M,2016-12,45.40M,-7.40M,-0.60M,-0.60M,109.40M,7.30M,6.70M,-6.10M,99.00M,-7.00M,0.40M,43.70M,171.20M,79.10M,283.80M,402.80M,0.10M,280.00M,102.40M,119.00M,122.80M,16.60M,122.80M,45.60M,101.70M
DXCM,2016-09,-0.70M,127.30M,47.50M,0,0.50M,-0.22,-0.22,13.40M,0,101.10M,2016-09,44.70M,-18.80M,-0.10M,-0.10M,88.40M,5.20M,6.00M,-18.50M,85.60M,-18.60M,0.20M,43.90M,148.60M,75.70M,261.80M,361.90M,0.10M,258.60M,86.10M,100.10M,103.30M,14.00M,119.60M,30.00M,76.80M
DXCM,2016-06,-0.70M,115.60M,51.80M,0,0.70M,-0.24,-0.24,13.60M,0,85.50M,2016-06,42.90M,-20.20M,0,0,77.00M,4.30M,6.00M,-20.10M,73.20M,-20.10M,0.10M,36.30M,137.30M,69.30M,246.40M,332.80M,0.10M,241.00M,73.90M,86.40M,91.80M,12.50M,105.60M,25.70M,73.80M
DXCM,2016-03,-0.30M,106.50M,41.10M,0,0.60M,-0.23,-0.23,5.70M,0,75.10M,2016-03,46.10M,-19.20M,0,0,65.90M,0,0,-19.20M,61.80M,-19.20M,0,32.20M,116.20M,62.10M,231.20M,299.40M,0.10M,227.40M,64.10M,68.20M,72.00M,4.10M,94.30M,24.40M,67.30M
DXCM,2015-12,-0.30M,115.20M,39.60M,2.30M,0.80M,0.02,0.02,5.90M,92.90M,91.20M,2015-12,35.20M,1.50M,0,0,54.70M,0,0.40M,1.60M,61.70M,1.60M,0,28.50M,130.80M,61.10M,221.20M,292.00M,0.10M,231.30M,66.90M,70.80M,60.70M,3.90M,89.60M,21.10M,74.10M
DXCM,2015-09,-0.30M,113.30M,30.50M,2.50M,1.60M,-0.53,-0.53,6.10M,64.00M,74.70M,2015-09,30.60M,-42.50M,-0.10M,-0.10M,46.60M,0,1.10M,-42.40M,54.70M,-42.50M,0,64.80M,105.20M,52.30M,193.30M,256.70M,0.10M,203.70M,58.80M,63.40M,53.00M,4.60M,117.10M,19.20M,55.80M
DXCM,2015-06,-0.30M,97.50M,27.20M,2.40M,0.80M,-0.05,-0.05,6.20M,47.30M,66.00M,2015-06,22.40M,-3.70M,-0.10M,-0.10M,40.60M,0,1.70M,-3.60M,41.00M,-3.70M,0,24.40M,93.20M,45.20M,170.70M,218.40M,0.10M,170.40M,44.20M,47.70M,48.00M,3.50M,69.60M,13.50M,45.50M
DXCM,2015-03,-0.30M,83.80M,26.30M,2.40M,1.30M,-0.17,-0.17,5.80M,0,46.50M,2015-03,18.40M,-12.90M,-0.20M,-0.20M,35.70M,0,2.30M,-12.70M,33.30M,-12.90M,0,19.80M,72.80M,39.40M,148.60M,189.30M,0.10M,146.20M,37.00M,40.70M,43.10M,3.70M,59.20M,12.70M,40.20M
DXCM,2014-12,-0.10M,83.60M,24.90M,2.30M,0.70M,0.02,0.02,5.90M,0,59.40M,2014-12,16.00M,1.30M,-0.20M,-0.20M,31.20M,0,2.90M,1.60M,36.10M,1.40M,0,21.60M,84.30M,36.20M,140.20M,184.60M,0.10M,145.90M,40.60M,44.40M,38.70M,3.80M,57.80M,11.50M,42.40M
DXCM,2014-09,-0.10M,74.90M,21.80M,2.30M,0.60M,-0.07,-0.08,6.30M,0,47.20M,2014-09,14.30M,-5.20M,-0.20M,-0.20M,28.00M,0,3.50M,-5.00M,37.70M,-5.20M,0,18.50M,69.00M,33.70M,115.00M,159.40M,0.10M,123.40M,40.60M,44.40M,36.00M,3.80M,52.20M,9.40M,31.40M
DXCM,2014-06,-0.20M,61.30M,18.90M,2.30M,0.30M,-0.08,-0.09,6.50M,0,39.90M,2014-06,11.60M,-6.00M,-0.20M,-0.20M,26.00M,0,4.10M,-5.80M,33.00M,-6.00M,0,14.80M,58.80M,30.90M,99.60M,139.70M,0.10M,105.50M,35.60M,40.10M,34.20M,4.50M,45.70M,8.60M,28.60M
DXCM,2014-03,-0.10M,57.40M,17.30M,2.20M,0.60M,-0.17,-0.17,6.60M,0,29.80M,2014-03,8.90M,-12.50M,-0.20M,-0.20M,22.90M,0,4.60M,-12.30M,26.90M,-12.50M,0,14.50M,47.10M,27.60M,90.00M,124.90M,0.10M,93.60M,29.70M,34.90M,31.30M,5.20M,42.10M,5.90M,23.80M
DXCM,2013-12,-0.10M,54.60M,17.60M,2.20M,0.70M,-0.04,-0.04,6.80M,0,34.10M,2013-12,9.00M,-2.60M,-0.30M,-0.30M,20.70M,0,5.20M,-2.30M,28.10M,-2.60M,0,12.60M,51.70M,23.80M,84.10M,122.50M,0.10M,93.10M,32.10M,38.40M,29.40M,6.30M,36.40M,5.40M,26.10M
DXCM,2013-09,-0.10M,47.60M,15.30M,1.80M,0.60M,-0.08,-0.08,6.90M,0,27.60M,2013-09,10.00M,-6.00M,-0.20M,-0.20M,19.70M,0,0,-5.80M,25.00M,-6.00M,0,11.80M,42.90M,21.60M,74.70M,110.10M,0.10M,81.70M,27.40M,35.40M,28.40M,8.00M,33.40M,4.70M,21.60M
DXCM,2013-06,-0.10M,46.40M,13.90M,1.20M,0.70M,-0.14,-0.14,7.10M,40.00M,21.90M,2013-06,7.30M,-10.10M,-0.20M,-0.20M,19.10M,0,5.80M,-9.90M,19.20M,-10.10M,0,11.10M,35.80M,20.70M,72.30M,102.30M,0.10M,74.20M,21.10M,30.00M,28.10M,8.90M,31.80M,3.80M,17.70M
DXCM,2013-03,-0.10M,45.30M,13.10M,0.70M,0.80M,-0.16,-0.16,7.20M,31.50M,16.50M,2013-03,7.50M,-11.10M,-0.20M,-0.20M,18.30M,0,6.30M,-10.90M,14.70M,-11.10M,0,9.30M,29.60M,18.10M,73.60M,98.80M,0.10M,71.30M,16.20M,25.20M,27.50M,9.00M,27.40M,3.10M,16.30M
DXCM,2012-12,-0.10M,48.70M,15.70M,0.20M,1.40M,-0.12,-0.12,7.40M,0,17.60M,2012-12,7.40M,-8.50M,-0.20M,-0.20M,18.90M,0.60M,6.80M,-8.30M,17.10M,-8.50M,0,8.60M,33.30M,17.30M,77.00M,106.00M,0.10M,77.60M,19.50M,29.00M,28.40M,9.50M,25.90M,4.60M,19.50M
DXCM,2012-09,-0.093M,53.38M,14.70M,0.075M,1.222M,-0.25,-0.25,7.475M,0,8.40M,2012-09,7.141M,-17.30M,0,0,18.61M,0.569M,0,-17.30M,10.52M,-17.30M,-1.30M,10.30M,23.10M,15.40M,80.25M,102.80M,0.07M,75.57M,20.40M,22.54M,27.22M,2.139M,25.70M,4.765M,12.36M
DXCM,2012-06,-0.088M,61.19M,12.20M,0.30M,1.499M,-0.21,-0.21,7.624M,0,11.20M,2012-06,7.378M,-14.70M,0,0,17.77M,0.702M,0,-14.70M,7.532M,-14.70M,0,10.00M,23.40M,15.90M,91.31M,110.52M,0.069M,83.99M,16.96M,19.21M,26.53M,2.253M,25.90M,2.853M,12.90M
DXCM,2012-03,-0.103M,70.18M,10.70M,0,1.845M,-0.21,-0.21,7.772M,0,9.40M,2012-03,8.044M,-14.10M,0,0,16.21M,0.834M,0,-15.40M,7.98M,-15.40M,0,9.40M,20.10M,15.40M,99.55M,117.96M,0.069M,92.82M,16.08M,18.41M,25.14M,2.335M,24.80M,2.593M,12.54M
DXCM,2011-12,-0.10M,82.00M,11.71M,0,1.60M,-0.18,-0.18,0,0,10.75M,2011-12,8.20M,-12.20M,0.028M,0.028M,15.00M,0.30M,0,-12.23M,12.50M,-12.20M,0,8.085M,22.46M,14.90M,104.50M,120.50M,0.10M,104.50M,14.70M,16.00M,16.00M,1.30M,22.98M,3.50M,12.50M
DXCM,2011-09,-0.094M,97.32M,10.09M,0,1.737M,-0.2,-0.2,0,0,8.164M,2011-09,6.455M,-13.28M,0.03M,0.03M,12.52M,0.571M,0,-13.31M,6.045M,-13.28M,0,8.231M,18.25M,13.24M,113.06M,128.79M,0.068M,115.23M,14.74M,15.73M,13.56M,0.985M,21.47M,2.652M,9.003M
DXCM,2011-06,-0.101M,105.03M,9.546M,0,2.333M,-0.11,-0.11,0,0,11.87M,2011-06,6.258M,-7.367M,0.022M,0.022M,12.02M,0,0,-7.389M,4.965M,-7.367M,0,7.016M,21.42M,12.24M,121.58M,136.37M,0.068M,123.98M,13.78M,14.79M,12.39M,1.018M,19.26M,2.812M,8.694M
DXCM,2011-03,-0.083M,37.33M,9.058M,0,2.358M,-0.19,-0.19,0,0,5.116M,2011-03,6.425M,-11.85M,0.02M,0.02M,11.75M,0,0,-11.87M,8.937M,-11.85M,0,6.268M,14.17M,10.72M,53.36M,66.56M,0.063M,54.43M,11.60M,13.19M,12.12M,1.598M,16.99M,2.001M,7.158M
