Ticker,Date,Accrued Comprehensive Inc,Cash and Short Term Investments,Cost of Goods Sold,Current Debt & Capital Lease Obligation,Current Deferred Liabilities,EPS Basic,EPS Diluted,Goodwill and Intangibles,Gross PP&E,Gross Profit,Income (Quarterly),Inventories,Net Income,Net Non-Operating Interest Income Expense,Net Operating Interest Income,Net PP&E,Non-Current Deferred Liabilities,Non-Current Portion of LTD and Capital Lease Obligation,Operating Income,Payables and Accrued Expenses,Pre-Tax Income,Provision for Income Taxes,Research and Development Expense,Revenue,SG&A Expense,Shareholders Equity,Total Assets,Total Capital Stock,Total Current Assets,Total Current Liabilities,Total Liabilities,Total Long Term Assets,Total Long Term Liabilities,Total Operating Expenses,Total Payables,Total Receivables
EA,2020-12,-94.00M,6.71B,601.00M,686.00M,1.506B,0.73,0.72,1.933B,1.516B,1.072B,2020-12,0,211.00M,-11.00M,-11.00M,467.00M,1.00M,397.00M,251.00M,716.00M,245.00M,34.00M,451.00M,1.673B,365.00M,7.963B,12.42B,3.00M,7.721B,3.492B,4.457B,4.699B,965.00M,821.00M,89.00M,778.00M
EA,2020-09,-89.00M,6.031B,286.00M,685.00M,788.00M,0.64,0.63,1.933B,1.473B,865.00M,2020-09,0,185.00M,-11.00M,-11.00M,458.00M,1.00M,397.00M,149.00M,655.00M,139.00M,-46.00M,421.00M,1.151B,289.00M,8.075B,11.47B,3.00M,6.83B,2.485B,3.395B,4.64B,910.00M,716.00M,164.00M,423.00M
EA,2020-06,-52.00M,5.96B,288.00M,674.00M,992.00M,1.27,1.25,1.937B,1.433B,1.171B,2020-06,0,365.00M,-11.00M,-11.00M,450.00M,1.00M,397.00M,471.00M,550.00M,468.00M,103.00M,438.00M,1.459B,257.00M,7.782B,11.28B,3.00M,6.69B,2.568B,3.502B,4.594B,934.00M,700.00M,199.00M,507.00M
EA,2020-03,-50.00M,5.735B,269.00M,668.00M,1.049B,1.44,1.43,1.938B,1.391B,1.118B,2020-03,0,418.00M,88.00M,88.00M,449.00M,1.00M,397.00M,401.00M,512.00M,414.00M,-4.00M,402.00M,1.387B,309.00M,7.461B,11.11B,3.00M,6.517B,2.664B,3.651B,4.595B,987.00M,717.00M,68.00M,461.00M
EA,2019-12,-33.00M,5.602B,508.00M,75.00M,1.175B,1.18,1.18,1.954B,1.419B,1.085B,2019-12,0,346.00M,-10.00M,-10.00M,439.00M,2.00M,995.00M,363.00M,599.00M,374.00M,28.00M,389.00M,1.593B,328.00M,7.237B,11.16B,3.00M,6.629B,2.338B,3.924B,4.532B,1.586B,722.00M,61.00M,798.00M
EA,2019-09,-10.00M,4.883B,405.00M,75.00M,800.00M,2.89,2.89,1.962B,1.395B,943.00M,2019-09,0,854.00M,-11.00M,-11.00M,442.00M,2.00M,995.00M,270.00M,589.00M,284.00M,-570.00M,387.00M,1.348B,280.00M,7.158B,10.59B,3.00M,6.04B,1.818B,3.435B,4.553B,1.617B,673.00M,148.00M,856.00M
EA,2019-06,-17.00M,5.187B,187.00M,55.00M,763.00M,4.78,4.75,1.972B,1.385B,1.022B,2019-06,0,1.421B,-11.00M,-11.00M,446.00M,2.00M,995.00M,416.00M,399.00M,436.00M,-985.00M,381.00M,1.209B,220.00M,6.485B,9.749B,3.00M,5.80B,1.65B,3.264B,3.949B,1.614B,606.00M,56.00M,329.00M
EA,2019-03,-30.00M,5.445B,276.00M,0,1.194B,0.7,0.69,1.979B,1.359B,962.00M,2019-03,0,209.00M,76.00M,76.00M,448.00M,2.00M,994.00M,207.00M,547.00M,219.00M,10.00M,398.00M,1.238B,352.00M,5.331B,8.957B,3.00M,6.381B,2.265B,3.626B,2.576B,1.361B,755.00M,113.00M,623.00M
EA,2018-12,-17.00M,5.161B,413.00M,0,1.031B,0.87,0.86,1.984B,1.372B,876.00M,2018-12,0,262.00M,-11.00M,-11.00M,426.00M,1.00M,994.00M,243.00M,662.00M,265.00M,3.00M,334.00M,1.289B,293.00M,5.344B,8.857B,3.00M,6.247B,2.09B,3.513B,2.61B,1.423B,633.00M,70.00M,806.00M
EA,2018-09,-19.00M,4.545B,418.00M,0,687.00M,0.84,0.83,1.994B,1.376B,868.00M,2018-09,0,255.00M,-11.00M,-11.00M,440.00M,1.00M,993.00M,260.00M,682.00M,276.00M,21.00M,339.00M,1.286B,263.00M,5.317B,8.45B,3.00M,5.803B,1.649B,3.133B,2.647B,1.484B,608.00M,168.00M,966.00M
EA,2018-06,-26.00M,4.971B,215.00M,136.00M,665.00M,0.96,0.95,1.993B,1.373B,922.00M,2018-06,35.00M,293.00M,-11.00M,-11.00M,440.00M,1.00M,993.00M,300.00M,454.00M,319.00M,26.00M,362.00M,1.137B,254.00M,5.26B,8.247B,3.00M,5.624B,1.464B,2.987B,2.623B,1.523B,622.00M,47.00M,371.00M
EA,2018-03,-127.00M,5.331B,233.00M,163.00M,1.73B,1.98,1.95,1.954B,1.376B,1.349B,2018-03,50.00M,607.00M,38.00M,38.00M,453.00M,1.00M,992.00M,753.00M,479.00M,754.00M,147.00M,335.00M,1.582B,256.00M,4.595B,8.584B,3.00M,6.004B,2.491B,3.989B,2.58B,1.498B,596.00M,48.00M,385.00M
EA,2017-12,-95.00M,4.884B,501.00M,0,2.161B,-0.6,-0.6,1.96B,1.351B,659.00M,2017-12,26.00M,-186.00M,-10.00M,-10.00M,447.00M,2.00M,992.00M,-21.00M,697.00M,-16.00M,170.00M,329.00M,1.16B,350.00M,4.086B,8.642B,3.00M,5.966B,3.107B,4.556B,2.676B,1.449B,680.00M,91.00M,886.00M
EA,2017-09,-73.00M,4.355B,389.00M,0,1.342B,-0.07,-0.07,1.716B,1.336B,570.00M,2017-09,0,-22.00M,-11.00M,-11.00M,444.00M,1.00M,991.00M,-41.00M,744.00M,-38.00M,-16.00M,331.00M,959.00M,278.00M,4.388B,7.922B,3.00M,5.415B,2.272B,3.534B,2.507B,1.262B,611.00M,187.00M,812.00M
EA,2017-06,-71.00M,4.47B,154.00M,0,989.00M,2.08,2.06,1.715B,1.342B,1.295B,2017-06,0,644.00M,-11.00M,-11.00M,436.00M,1.00M,991.00M,743.00M,429.00M,749.00M,105.00M,325.00M,1.449B,226.00M,4.486B,7.375B,3.00M,4.902B,1.629B,2.889B,2.473B,1.26B,552.00M,38.00M,222.00M
EA,2017-03,-19.00M,4.532B,202.00M,0,1.686B,1.84,1.81,1.715B,1.315B,1.325B,2017-03,0,566.00M,14.00M,14.00M,434.00M,1.00M,990.00M,717.00M,462.00M,716.00M,150.00M,335.00M,1.527B,272.00M,4.06B,7.718B,3.00M,5.199B,2.415B,3.658B,2.519B,1.243B,608.00M,87.00M,359.00M
EA,2016-12,-1.00M,4.219B,516.00M,0,2.116B,-0.0033,-0.0033,1.713B,1.289B,633.00M,2016-12,0,-1.00M,-12.00M,-12.00M,424.00M,2.00M,990.00M,-4.00M,597.00M,-6.00M,-5.00M,285.00M,1.149B,350.00M,3.549B,7.719B,3.00M,5.101B,2.937B,4.17B,2.618B,1.233B,637.00M,65.00M,587.00M
EA,2016-09,-10.00M,3.266B,401.00M,0,1.218B,-0.13,-0.13,1.737B,1.298B,497.00M,2016-09,0,-38.00M,-11.00M,-11.00M,431.00M,2.00M,990.00M,-49.00M,657.00M,-52.00M,-14.00M,291.00M,898.00M,254.00M,3.608B,6.892B,3.00M,4.26B,2.05B,3.284B,2.632B,1.234B,546.00M,206.00M,723.00M
EA,2016-06,3.00M,3.427B,179.00M,0,944.00M,1.46,1.4,1.75B,1.289B,1.092B,2016-06,0,440.00M,-13.00M,-13.00M,435.00M,2.00M,989.00M,560.00M,374.00M,552.00M,112.00M,294.00M,1.271B,236.00M,3.716B,6.605B,3.00M,3.972B,1.65B,2.889B,2.633B,1.239B,532.00M,44.00M,246.00M
EA,2016-03,-16.00M,3.834B,226.00M,0,1.535B,2.93,2.79,1.767B,1.282B,1.082B,2016-03,0,899.00M,-4.00M,-4.00M,439.00M,2.00M,989.00M,536.00M,466.00M,526.00M,-373.00M,282.00M,1.308B,263.00M,3.396B,7.05B,3.00M,4.354B,2.42B,3.654B,2.696B,1.234B,546.00M,89.00M,233.00M
EA,2015-12,-57.00M,3.229B,546.00M,340.00M,1.942B,-0.14,-0.14,1.779B,1.237B,524.00M,2015-12,42.00M,-45.00M,-5.00M,-5.00M,415.00M,75.00M,591.00M,-31.00M,652.00M,-30.00M,15.00M,266.00M,1.07B,287.00M,3.012B,6.47B,3.00M,4.152B,3.152B,3.458B,2.318B,306.00M,555.00M,128.00M,621.00M
EA,2015-09,-44.00M,2.588B,409.00M,435.00M,1.277B,-0.45,-0.45,1.793B,1.237B,406.00M,2015-09,62.00M,-140.00M,-6.00M,-6.00M,430.00M,75.00M,586.00M,-119.00M,669.00M,-128.00M,12.00M,265.00M,815.00M,257.00M,3.146B,6.00B,3.00M,3.646B,2.538B,2.854B,2.354B,316.00M,525.00M,188.00M,737.00M
EA,2015-06,-14.00M,2.879B,173.00M,633.00M,860.00M,1.42,1.32,1.811B,1.237B,1.03B,2015-06,34.00M,442.00M,-3.00M,-3.00M,444.00M,80.00M,580.00M,512.00M,382.00M,509.00M,67.00M,296.00M,1.203B,221.00M,3.336B,5.721B,3.00M,3.326B,2.054B,2.385B,2.395B,331.00M,518.00M,43.00M,144.00M
EA,2015-03,2.00M,3.021B,234.00M,633.00M,1.397B,1.27,1.19,1.824B,1.238B,951.00M,2015-03,36.00M,395.00M,-1.00M,-1.00M,459.00M,80.00M,575.00M,399.00M,485.00M,397.00M,2.00M,285.00M,1.185B,264.00M,3.036B,6.147B,3.00M,3.72B,2.778B,3.111B,2.427B,333.00M,552.00M,68.00M,362.00M
EA,2014-12,23.00M,2.94B,401.00M,633.00M,1.704B,0.46,0.44,1.845B,1.289B,725.00M,2014-12,39.00M,142.00M,-6.00M,-6.00M,461.00M,85.00M,570.00M,162.00M,543.00M,156.00M,14.00M,283.00M,1.126B,276.00M,2.687B,6.167B,3.00M,3.754B,3.106B,3.48B,2.413B,374.00M,563.00M,77.00M,488.00M
EA,2014-09,53.00M,2.388B,427.00M,0,1.501B,0.01,0.01,1.866B,1.336B,563.00M,2014-09,67.00M,3.00M,-6.00M,-6.00M,483.00M,85.00M,0,23.00M,725.00M,18.00M,15.00M,261.00M,990.00M,275.00M,2.67B,6.031B,3.00M,3.532B,2.387B,3.361B,2.499B,974.00M,540.00M,191.00M,829.00M
EA,2014-06,61.00M,2.316B,367.00M,0,1.165B,1.07,1.04,1.886B,1.349B,847.00M,2014-06,37.00M,335.00M,-8.00M,-8.00M,503.00M,85.00M,0,361.00M,453.00M,354.00M,19.00M,265.00M,1.214B,218.00M,2.713B,5.476B,3.00M,2.93B,1.786B,2.763B,2.546B,977.00M,486.00M,69.00M,219.00M
EA,2014-03,37.00M,2.365B,223.00M,0,1.611B,1.18,1.15,1.90B,1.319B,900.00M,2014-03,56.00M,367.00M,-2.00M,-2.00M,510.00M,18.00M,0,347.00M,520.00M,337.00M,-30.00M,289.00M,1.123B,260.00M,2.422B,5.716B,3.00M,3.138B,2.39B,3.294B,2.578B,904.00M,553.00M,119.00M,327.00M
EA,2013-12,52.00M,2.07B,517.00M,0,1.834B,-1,-1,1.921B,1.318B,291.00M,2013-12,55.00M,-308.00M,-8.00M,-8.00M,518.00M,1.00M,0,-293.00M,615.00M,-298.00M,10.00M,275.00M,808.00M,305.00M,2.004B,5.573B,3.00M,2.921B,2.659B,3.569B,2.652B,910.00M,584.00M,137.00M,526.00M
EA,2013-09,62.00M,1.418B,413.00M,0,1.017B,-0.89,-0.89,1.942B,1.311B,282.00M,2013-09,58.00M,-273.00M,-8.00M,-8.00M,532.00M,1.00M,0,-298.00M,667.00M,-260.00M,13.00M,283.00M,695.00M,293.00M,2.286B,5.036B,3.00M,2.34B,1.851B,2.75B,2.696B,899.00M,580.00M,208.00M,594.00M
EA,2013-06,56.00M,1.411B,194.00M,0,673.00M,0.73,0.71,1.956B,1.288B,755.00M,2013-06,41.00M,222.00M,-7.00M,-7.00M,537.00M,1.00M,564.00M,241.00M,390.00M,228.00M,6.00M,278.00M,949.00M,232.00M,2.492B,4.605B,3.00M,1.884B,1.226B,2.113B,2.721B,887.00M,514.00M,48.00M,120.00M
EA,2013-03,69.00M,1.68B,309.00M,0,1.123B,1.07,1.05,1.974B,1.279B,900.00M,2013-03,42.00M,323.00M,-2.00M,-2.00M,548.00M,1.00M,559.00M,310.00M,577.00M,330.00M,7.00M,287.00M,1.209B,294.00M,2.267B,5.07B,3.00M,2.325B,1.917B,2.803B,2.745B,886.00M,590.00M,136.00M,312.00M
EA,2012-12,119.00M,1.492B,429.00M,0,1.411B,-0.15,-0.15,2.028B,1.275B,493.00M,2012-12,59.00M,-45.00M,-7.00M,-7.00M,550.00M,2.00M,554.00M,-82.00M,548.00M,-33.00M,12.00M,278.00M,922.00M,290.00M,1.958B,5.039B,3.00M,2.229B,2.146B,3.081B,2.81B,935.00M,575.00M,93.00M,382.00M
EA,2012-09,149.00M,1.315B,445.00M,0,1.128B,-1.21,-1.21,2.057B,1.263B,266.00M,2012-09,71.00M,-381.00M,-7.00M,-7.00M,561.00M,2.00M,549.00M,-366.00M,749.00M,-368.00M,13.00M,306.00M,711.00M,319.00M,2.154B,5.191B,3.00M,2.332B,2.046B,3.037B,2.859B,991.00M,632.00M,219.00M,643.00M
EA,2012-06,115.00M,1.439B,205.00M,0,701.00M,0.63,0.63,2.063B,1.221B,750.00M,2012-06,60.00M,201.00M,-7.00M,-7.00M,558.00M,2.00M,544.00M,222.00M,487.00M,210.00M,9.00M,282.00M,955.00M,239.00M,2.552B,4.825B,3.00M,1.951B,1.336B,2.273B,2.874B,937.00M,528.00M,50.00M,111.00M
EA,2012-03,173.00M,1.849B,374.00M,0,1.133B,1.21,1.21,2.087B,1.219B,994.00M,2012-03,59.00M,400.00M,2.00M,2.00M,568.00M,8.00M,539.00M,367.00M,754.00M,361.00M,-39.00M,252.00M,1.368B,369.00M,2.458B,5.491B,3.00M,2.609B,2.12B,3.033B,2.882B,913.00M,627.00M,215.00M,366.00M
EA,2011-12,190.00M,1.791B,552.00M,0,1.439B,-0.62,-0.62,2.118B,1.176B,509.00M,2011-12,69.00M,-205.00M,-7.00M,-7.00M,547.00M,82.00M,534.00M,-194.00M,958.00M,-193.00M,12.00M,325.00M,1.061B,367.00M,2.265B,5.696B,3.00M,2.806B,2.397B,3.431B,2.89B,1.034B,703.00M,112.00M,526.00M
EA,2011-09,258.00M,1.499B,432.00M,0,932.00M,-1.03,-1.03,2.116B,1.148B,283.00M,2011-09,90.00M,-340.00M,-6.00M,-6.00M,532.00M,84.00M,529.00M,-358.00M,760.00M,-380.00M,-40.00M,318.00M,715.00M,310.00M,2.54B,5.435B,3.00M,2.568B,1.854B,2.895B,2.867B,1.041B,641.00M,213.00M,562.00M
EA,2011-06,240.00M,1.848B,240.00M,0,604.00M,0.67,0.66,1.266B,1.131B,759.00M,2011-06,75.00M,221.00M,3.00M,3.00M,516.00M,42.00M,0,247.00M,472.00M,230.00M,9.00M,285.00M,999.00M,214.00M,2.75B,4.355B,3.00M,2.354B,1.225B,1.605B,2.001B,380.00M,512.00M,91.00M,30.00M
EA,2011-03,219.00M,2.237B,328.00M,0,1.005B,0.45,0.45,1.254B,1.127B,762.00M,2011-03,77.00M,151.00M,2.00M,2.00M,513.00M,37.00M,0,127.00M,996.00M,149.00M,-2.00M,299.00M,1.09B,298.00M,2.564B,4.928B,3.00M,3.032B,2.001B,2.364B,1.896B,363.00M,635.00M,228.00M,335.00M
