Ticker,Date,Accrued Comprehensive Inc,Cash and Short Term Investments,Cost of Goods Sold,Current Debt & Capital Lease Obligation,Current Deferred Liabilities,EPS Basic,EPS Diluted,Goodwill and Intangibles,Gross PP&E,Gross Profit,Income (Quarterly),Net Income,Net Non-Operating Interest Income Expense,Net Operating Interest Income,Net PP&E,Non-Current Deferred Liabilities,Non-Current Portion of LTD and Capital Lease Obligation,Operating Income,Payables and Accrued Expenses,Pre-Tax Income,Provision for Income Taxes,Research and Development Expense,Revenue,SG&A Expense,Shareholders Equity,Total Assets,Total Capital Stock,Total Current Assets,Total Current Liabilities,Total Liabilities,Total Long Term Assets,Total Long Term Liabilities,Total Operating Expenses,Total Payables,Total Receivables
EBAY,2020-12,616.00M,3.826B,742.00M,18.00M,110.00M,1.23,1.21,4.687B,6.716B,2.126B,2020-12,845.00M,-575.00M,-575.00M,1.867B,2.359B,8.125B,677.00M,2.884B,1.109B,328.00M,299.00M,2.868B,1.057B,3.561B,19.31B,2.00M,7.19B,4.002B,15.75B,12.12B,11.75B,1.449B,1.807B,1.351B
EBAY,2020-09,411.00M,3.66B,656.00M,17.00M,105.00M,0.95,0.94,4.556B,1.80B,1.95B,2020-09,664.00M,95.00M,95.00M,1.80B,2.28B,8.117B,679.00M,3.222B,774.00M,153.00M,287.00M,2.606B,918.00M,2.92B,18.42B,2.00M,6.739B,3.84B,15.50B,11.68B,11.66B,1.271B,686.00M,477.00M
EBAY,2020-06,321.00M,5.303B,598.00M,516.00M,103.00M,1.06,1.05,4.966B,1.90B,2.267B,2020-06,746.00M,182.00M,182.00M,1.90B,2.584B,8.572B,821.00M,4.044B,1.003B,263.00M,308.00M,2.865B,1.036B,2.902B,20.01B,2.00M,7.394B,4.692B,17.11B,12.62B,12.42B,1.446B,1.633B,845.00M
EBAY,2020-03,285.00M,4.43B,526.00M,1.015B,108.00M,4.53,4.51,4.90B,2.007B,1.848B,2020-03,3.412B,2.00M,2.00M,2.007B,2.619B,8.18B,629.00M,3.55B,631.00M,146.00M,267.00M,2.374B,841.00M,2.115B,18.93B,2.00M,6.248B,4.673B,16.81B,12.68B,12.14B,1.219B,1.375B,635.00M
EBAY,2019-12,384.00M,2.751B,556.00M,1.02B,129.00M,0.69,0.69,4.572B,6.724B,1.68B,2019-12,556.00M,-64.00M,-64.00M,2.043B,2.355B,7.199B,478.00M,2.075B,494.00M,25.00M,241.00M,2.236B,886.00M,2.87B,18.17B,2.00M,4.706B,4.066B,15.30B,13.47B,11.24B,1.202B,1.183B,1.18B
EBAY,2019-09,361.00M,3.086B,530.00M,680.00M,169.00M,0.37,0.37,5.176B,2.15B,1.553B,2019-09,310.00M,-142.00M,-142.00M,2.15B,2.62B,7.732B,408.00M,2.836B,266.00M,56.00M,243.00M,2.083B,827.00M,3.27B,18.71B,2.00M,5.209B,3.685B,15.44B,13.50B,11.76B,1.145B,491.00M,714.00M
EBAY,2019-06,464.00M,4.477B,553.00M,2.063B,178.00M,0.47,0.46,5.279B,2.243B,1.87B,2019-06,402.00M,-51.00M,-51.00M,2.243B,2.684B,7.762B,558.00M,2.968B,507.00M,107.00M,295.00M,2.423B,944.00M,4.106B,21.17B,2.00M,6.844B,5.209B,17.06B,14.32B,11.85B,1.312B,453.00M,797.00M
EBAY,2019-03,464.00M,4.441B,539.00M,1.55B,174.00M,0.58,0.57,5.316B,2.278B,1.874B,2019-03,518.00M,64.00M,64.00M,2.278B,2.893B,8.247B,593.00M,2.776B,657.00M,141.00M,272.00M,2.413B,931.00M,5.203B,22.33B,2.00M,6.665B,4.50B,17.13B,15.66B,12.63B,1.281B,358.00M,716.00M
EBAY,2018-12,498.00M,4.915B,259.00M,1.546B,170.00M,0.81,0.8,5.252B,6.344B,522.00M,2018-12,760.00M,-827.00M,-827.00M,1.597B,2.925B,7.685B,211.00M,2.328B,47.00M,-316.00M,58.00M,781.00M,223.00M,6.281B,22.82B,2.00M,7.126B,4.454B,16.54B,15.69B,12.08B,311.00M,1.313B,1.382B
EBAY,2018-09,550.00M,4.838B,608.00M,1.546B,163.00M,0.74,0.73,5.276B,0,2.041B,2018-09,721.00M,392.00M,392.00M,1.58B,3.316B,7.661B,556.00M,2.297B,948.00M,228.00M,307.00M,2.649B,1.10B,6.929B,23.65B,2.00M,6.963B,4.006B,16.72B,16.69B,12.72B,1.485B,308.00M,761.00M
EBAY,2018-06,581.00M,4.007B,597.00M,3.00M,151.00M,0.64,0.64,5.322B,6.007B,2.043B,2018-06,642.00M,301.00M,301.00M,1.576B,3.29B,9.201B,406.00M,2.454B,707.00M,69.00M,352.00M,2.64B,1.206B,7.146B,23.99B,2.00M,6.184B,2.608B,16.84B,17.80B,14.23B,1.637B,337.00M,745.00M
EBAY,2018-03,800.00M,4.806B,559.00M,20.00M,142.00M,0.4,0.4,4.868B,5.484B,2.021B,2018-03,407.00M,-32.00M,-32.00M,1.548B,3.314B,9.208B,579.00M,2.406B,547.00M,140.00M,334.00M,2.58B,1.026B,7.596B,24.56B,2.00M,6.763B,2.568B,16.96B,17.79B,14.39B,1.442B,488.00M,683.00M
EBAY,2017-12,717.00M,5.863B,590.00M,781.00M,137.00M,-2.51,-2.51,4.842B,0,2.117B,2017-12,-2.601B,-228.00M,-228.00M,1.597B,3.424B,9.234B,663.00M,2.172B,561.00M,3.158B,317.00M,2.707B,1.048B,8.049B,25.99B,2.00M,7.744B,3.559B,17.94B,18.24B,14.38B,1.454B,1.136B,1.358B
EBAY,2017-09,538.00M,6.03B,557.00M,749.00M,117.00M,0.49,0.48,4.747B,0,1.941B,2017-09,520.00M,120.00M,120.00M,1.546B,2.157B,9.249B,574.00M,2.324B,694.00M,174.00M,316.00M,2.498B,973.00M,11.28B,25.94B,2.00M,7.858B,3.19B,14.66B,18.08B,11.47B,1.367B,360.00M,626.00M
EBAY,2017-06,437.00M,9.017B,560.00M,2.215B,125.00M,0.03,0.03,4.757B,0,1.859B,2017-06,29.00M,-18.00M,-18.00M,1.538B,2.098B,9.251B,480.00M,2.256B,462.00M,433.00M,313.00M,2.419B,994.00M,11.47B,27.48B,2.00M,10.91B,4.596B,16.01B,16.58B,11.41B,1.379B,386.00M,619.00M
EBAY,2017-03,165.00M,6.754B,514.00M,2.21B,112.00M,0.96,0.94,4.734B,0,1.789B,2017-03,1.035B,11.00M,11.00M,1.496B,1.958B,6.756B,547.00M,2.111B,558.00M,-477.00M,278.00M,2.303B,893.00M,11.60B,24.81B,2.00M,8.493B,4.433B,13.21B,16.32B,8.78B,1.242B,418.00M,592.00M
EBAY,2016-12,-124.00M,7.149B,536.00M,1.451B,110.00M,5.37,5.3,4.603B,0,2.178B,2016-12,5.936B,-60.00M,-60.00M,1.516B,1.453B,7.509B,638.00M,1.101B,2.004B,-3.944B,292.00M,2.714B,1.179B,10.54B,23.85B,2.00M,8.875B,3.847B,13.31B,14.97B,9.461B,1.54B,917.00M,1.182B
EBAY,2016-09,1.204B,8.045B,498.00M,1.449B,116.00M,0.37,0.36,4.844B,0,1.719B,2016-09,413.00M,-9.00M,-9.00M,1.526B,2.268B,7.582B,542.00M,2.198B,533.00M,115.00M,288.00M,2.217B,824.00M,6.819B,20.50B,2.00M,9.783B,3.763B,13.68B,10.72B,9.92B,1.177B,385.00M,626.00M
EBAY,2016-06,829.00M,8.086B,493.00M,6.00M,116.00M,0.38,0.38,4.561B,0,1.737B,2016-06,435.00M,-8.00M,-8.00M,1.502B,2.204B,9.054B,531.00M,2.09B,523.00M,86.00M,295.00M,2.23B,840.00M,6.453B,19.99B,2.00M,9.914B,2.206B,13.54B,10.08B,11.33B,1.206B,372.00M,628.00M
EBAY,2016-03,685.00M,8.013B,477.00M,0,115.00M,0.42,0.41,4.601B,0,1.66B,2016-03,482.00M,-23.00M,-23.00M,1.497B,2.08B,9.03B,614.00M,1.986B,591.00M,109.00M,239.00M,2.137B,747.00M,6.317B,19.61B,2.00M,9.703B,2.107B,13.29B,9.905B,11.18B,1.046B,335.00M,599.00M
EBAY,2015-12,526.00M,6.131B,493.00M,625.00M,106.00M,0.4,0.39,4.541B,5.078B,1.829B,2015-12,477.00M,-268.00M,-268.00M,1.554B,2.092B,6.749B,662.00M,2.157B,650.00M,127.00M,229.00M,2.322B,855.00M,6.576B,17.76B,2.00M,7.904B,2.263B,11.18B,9.851B,8.916B,1.167B,421.00M,619.00M
EBAY,2015-09,443.00M,5.301B,433.00M,865.00M,137.00M,0.45,0.45,4.532B,4.544B,1.666B,2015-09,539.00M,87.00M,87.00M,1.535B,511.00M,6.814B,578.00M,3.338B,665.00M,120.00M,241.00M,2.099B,772.00M,6.492B,18.34B,2.00M,8.28B,4.436B,11.85B,10.06B,7.41B,1.088B,232.00M,595.00M
EBAY,2015-06,942.00M,10.55B,434.00M,868.00M,125.00M,0.07,0.07,8.185B,7.12B,1.676B,2015-06,83.00M,124.00M,124.00M,2.781B,1.913B,6.757B,428.00M,15.69B,552.00M,122.00M,232.00M,2.11B,941.00M,19.80B,45.66B,2.00M,28.55B,17.06B,25.85B,17.11B,8.793B,1.248B,11.82B,15.17B
EBAY,2015-03,980.00M,9.679B,411.00M,850.00M,190.00M,0.51,0.51,9.446B,0,1.65B,2015-03,626.00M,10.00M,10.00M,2.947B,768.00M,6.795B,529.00M,16.55B,539.00M,90.00M,221.00M,2.061B,821.00M,19.54B,44.84B,2.00M,26.51B,17.61B,25.30B,18.33B,7.692B,1.121B,11.41B,15.17B
EBAY,2014-12,1.171B,7.835B,442.00M,250.00M,108.00M,0.76,0.75,4.804B,0,1.881B,2014-12,1.023B,-16.00M,-16.00M,1.486B,522.00M,6.777B,731.00M,4.062B,738.00M,9.00M,236.00M,2.323B,838.00M,19.91B,45.13B,2.00M,26.53B,17.53B,25.23B,18.60B,7.695B,1.15B,232.00M,600.00M
EBAY,2014-09,1.223B,10.39B,413.00M,1.203B,185.00M,0.54,0.54,9.862B,0,1.737B,2014-09,673.00M,17.00M,17.00M,2.825B,709.00M,7.346B,596.00M,16.06B,613.00M,104.00M,246.00M,2.15B,827.00M,19.81B,44.48B,2.00M,25.65B,16.49B,24.67B,18.82B,8.175B,1.141B,10.44B,13.88B
EBAY,2014-06,1.231B,7.369B,1.181B,4.00M,183.00M,0.54,0.53,10.08B,0,2.922B,2014-06,676.00M,10.00M,10.00M,2.685B,774.00M,4.118B,854.00M,16.15B,864.00M,144.00M,468.00M,4.103B,1.333B,18.97B,41.64B,2.00M,22.38B,17.54B,22.67B,19.26B,5.132B,2.068B,10.46B,13.74B
EBAY,2014-03,1.084B,7.844B,1.351B,6.00M,169.00M,-1.82,-1.82,10.06B,0,2.911B,2014-03,-2.326B,-5.00M,-5.00M,2.686B,828.00M,4.124B,878.00M,15.57B,873.00M,3.199B,480.00M,4.262B,1.27B,19.61B,40.54B,2.00M,22.36B,15.74B,20.94B,18.19B,5.195B,2.033B,10.04B,13.20B
EBAY,2013-12,1.156B,9.025B,-2.095B,408.00M,158.00M,0.66,0.65,10.21B,0,-1.165B,2013-12,850.00M,-82.00M,-82.00M,2.76B,841.00M,4.117B,105.00M,12.48B,133.00M,72.00M,-403.00M,-3.26B,-441.00M,23.65B,41.49B,2.00M,23.28B,12.64B,17.84B,18.20B,5.202B,-1.27B,9.676B,12.95B
EBAY,2013-09,1.205B,10.27B,1.224B,0,164.00M,0.53,0.53,9.429B,0,2.668B,2013-09,689.00M,74.00M,74.00M,2.763B,914.00M,4.123B,799.00M,11.46B,873.00M,184.00M,433.00M,3.892B,1.17B,22.77B,40.07B,2.00M,23.48B,12.03B,17.30B,16.59B,5.272B,1.869B,9.448B,12.28B
EBAY,2013-06,826.00M,10.44B,1.211B,410.00M,154.00M,0.49,0.49,9.32B,5.957B,2.666B,2013-06,640.00M,6.00M,6.00M,2.697B,889.00M,4.123B,750.00M,11.11B,756.00M,116.00M,451.00M,3.877B,1.19B,21.65B,38.55B,2.00M,23.45B,11.67B,16.90B,15.10B,5.229B,1.916B,9.395B,12.03B
EBAY,2013-03,724.00M,9.402B,1.152B,411.00M,149.00M,0.52,0.51,9.478B,4.877B,2.596B,2013-03,677.00M,9.00M,9.00M,2.575B,832.00M,4.105B,800.00M,11.16B,809.00M,132.00M,434.00M,3.748B,1.105B,21.11B,38.00B,2.00M,22.34B,11.72B,16.89B,15.66B,5.168B,1.796B,9.275B,11.79B
EBAY,2012-12,856.00M,9.408B,1.224B,413.00M,137.00M,0.58,0.57,9.665B,0,2.769B,2012-12,750.00M,-3.00M,-3.00M,2.491B,972.00M,4.106B,873.00M,10.37B,877.00M,127.00M,416.00M,3.993B,1.229B,20.86B,37.07B,2.00M,21.40B,10.92B,16.21B,15.68B,5.285B,1.896B,8.458B,11.08B
EBAY,2012-09,649.00M,9.135B,1.022B,12.00M,132.00M,0.46,0.45,9.726B,0,2.382B,2012-09,597.00M,5.00M,5.00M,2.393B,945.00M,4.506B,667.00M,6.917B,672.00M,75.00M,389.00M,3.404B,1.095B,19.91B,32.50B,2.00M,17.41B,7.061B,12.59B,15.09B,5.528B,1.715B,5.141B,7.293B
EBAY,2012-06,464.00M,5.754B,987.00M,564.00M,137.00M,0.54,0.53,9.689B,0,2.411B,2012-06,692.00M,38.00M,38.00M,2.238B,956.00M,1.518B,695.00M,6.099B,851.00M,159.00M,394.00M,3.398B,1.107B,18.91B,28.26B,2.00M,13.28B,6.80B,9.346B,14.98B,2.546B,1.716B,4.631B,7.524B
EBAY,2012-03,864.00M,5.871B,983.00M,564.00M,135.00M,0.44,0.44,9.756B,0,2.294B,2012-03,570.00M,31.00M,31.00M,2.109B,946.00M,1.521B,653.00M,6.266B,684.00M,114.00M,374.00M,3.277B,1.049B,18.71B,28.21B,2.00M,13.09B,6.965B,9.498B,15.12B,2.533B,1.641B,4.736B,6.49B
EBAY,2011-12,549.00M,5.929B,1.035B,565.00M,110.00M,1.54,1.51,9.771B,0,2.345B,2011-12,1.979B,-25.00M,-25.00M,1.986B,1.073B,1.525B,753.00M,5.035B,2.435B,456.00M,344.00M,3.38B,1.018B,17.93B,27.32B,2.00M,12.66B,6.734B,9.39B,14.66B,2.656B,1.592B,4.647B,6.196B
EBAY,2011-09,673.39M,4.013B,920.00M,1.016B,108.27M,0.38,0.37,9.795B,0,2.046B,2011-09,491.00M,79.00M,79.00M,1.859B,1.006B,1.528B,537.00M,5.021B,616.00M,125.00M,319.00M,2.966B,959.00M,16.17B,24.90B,1.531M,9.762B,6.145B,8.735B,15.14B,2.590B,1.509B,3.593B,5.078B
EBAY,2011-06,1.291B,4.397B,773.00M,1.015B,105.39M,0.22,0.22,9.708B,0,1.987B,2011-06,283.00M,28.00M,28.00M,1.727B,894.80M,1.530B,519.00M,5.022B,291.00M,8.00M,297.00M,2.76B,1.00B,16.21B,24.83B,1.528M,9.861B,6.143B,8.624B,14.97B,2.481B,1.468B,3.656B,5.464B
EBAY,2011-03,751.31M,6.623B,729.00M,300.00M,96.46M,0.37,0.36,6.734B,0,1.817B,2011-03,476.00M,3.00M,3.00M,1.523B,645.46M,1.494B,565.00M,4.120B,568.00M,92.00M,275.00M,2.546B,826.00M,15.30B,22.00B,1.513M,11.07B,4.517B,6.702B,10.94B,2.185B,1.252B,2.776B,3.961B
