Ticker,Date,Accrued Comprehensive Inc,Cash and Short Term Investments,Cost of Goods Sold,Current Debt & Capital Lease Obligation,Current Deferred Liabilities,EPS Basic,EPS Diluted,Goodwill and Intangibles,Gross PP&E,Gross Profit,Income (Quarterly),Inventories,Net Income,Net Non-Operating Interest Income Expense,Net Operating Interest Income,Net PP&E,Non-Current Deferred Liabilities,Non-Current Portion of LTD and Capital Lease Obligation,Operating Income,Payables and Accrued Expenses,Pre-Tax Income,Provision for Income Taxes,Revenue,SG&A Expense,Shareholders Equity,Total Assets,Total Capital Stock,Total Current Assets,Total Current Liabilities,Total Liabilities,Total Long Term Assets,Total Long Term Liabilities,Total Operating Expenses,Total Payables,Total Receivables
ECL,2020-12,-1.994B,1.260B,1.780B,142.90M,80.40M,1.05,1.04,8.984B,7.205B,1.285B,2020-12,1.285B,300.30M,-48.40M,-48.40M,3.549B,483.90M,6.970B,475.40M,1.597B,378.00M,73.10M,3.065B,809.60M,6.166B,18.13B,362.60M,5.117B,2.932B,11.92B,13.01B,8.992B,809.60M,1.546B,2.442B
ECL,2020-09,-1.946B,1.035B,1.770B,371.70M,84.60M,0.8626,0.8537,8.981B,7.306B,1.249B,2020-09,1.288B,246.20M,-134.80M,-134.80M,3.580B,580.60M,6.978B,446.40M,1.510B,291.70M,42.40M,3.019B,802.60M,6.015B,18.10B,362.10M,4.992B,3.106B,12.05B,13.11B,8.941B,802.60M,1.459B,2.506B
ECL,2020-06,-1.990B,1.369B,1.636B,657.70M,74.00M,-7.06,-7.06,8.779B,7.212B,1.05B,2020-06,1.229B,-2.035B,-58.70M,-58.70M,3.579B,577.20M,7.071B,261.40M,1.516B,148.40M,14.10M,2.686B,788.60M,5.855B,18.08B,362.00M,5.166B,3.228B,12.19B,12.92B,8.964B,788.60M,1.464B,2.380B
ECL,2020-03,-2.114B,1.662B,2.117B,1.191B,88.30M,0.98,0.97,10.82B,8.628B,1.465B,2020-03,1.530B,283.40M,-48.10M,-48.10M,4.479B,737.40M,7.151B,449.60M,1.754B,364.30M,74.10M,3.581B,1.015B,8.822B,22.34B,360.80M,6.437B,4.257B,13.48B,15.90B,9.222B,1.015B,1.685B,3.006B
ECL,2019-12,-2.090B,118.80M,1.809B,502.70M,76.70M,1.49,1.47,8.497B,7.134B,1.435B,2019-12,1.082B,429.60M,-46.10M,-46.10M,3.695B,537.30M,6.319B,549.60M,1.492B,486.20M,86.50M,3.244B,885.50M,8.685B,20.87B,359.60M,4.828B,3.631B,12.14B,16.04B,8.513B,885.50M,1.451B,2.489B
ECL,2019-09,-1.885B,135.90M,1.781B,930.80M,83.60M,1.611,1.585,10.95B,8.374B,1.443B,2019-09,1.587B,464.20M,-46.10M,-46.10M,4.432B,821.60M,6.386B,573.90M,1.649B,523.70M,83.40M,3.224B,869.20M,8.568B,20.84B,359.40M,4.870B,3.920B,12.22B,15.97B,8.304B,869.20M,1.583B,2.877B
ECL,2019-06,-1.836B,85.70M,1.780B,1.221B,83.20M,1.28,1.26,11.01B,8.248B,1.389B,2019-06,1.625B,368.60M,-49.20M,-49.20M,4.417B,791.20M,6.386B,488.80M,1.670B,436.10M,88.80M,3.169B,900.00M,8.225B,20.83B,358.90M,4.854B,4.128B,12.56B,15.97B,8.430B,900.00M,1.624B,2.905B
ECL,2019-03,-1.735B,79.00M,2.090B,1.291B,85.40M,1.03,1.01,11.20B,8.238B,1.416B,2019-03,1.646B,296.50M,-49.40M,-49.40M,4.450B,792.30M,6.420B,407.50M,1.638B,339.00M,38.60M,3.505B,1.008B,8.221B,20.93B,358.20M,4.751B,4.156B,12.66B,16.18B,8.505B,1.008B,1.567B,2.832B
ECL,2018-12,-1.762B,114.70M,466.20M,743.60M,75.80M,1.37,1.35,10.88B,7.440B,848.20M,2018-12,1.546B,395.10M,-52.70M,-52.70M,3.836B,764.60M,6.302B,362.20M,1.65B,330.40M,104.60M,1.314B,486.00M,8.003B,20.07B,357.00M,4.678B,3.686B,12.02B,15.40B,8.335B,486.00M,1.606B,2.807B
ECL,2018-09,-1.765B,203.60M,2.191B,769.40M,81.90M,1.51,1.48,10.90B,7.457B,1.556B,2018-09,1.588B,435.40M,-55.70M,-55.70M,3.778B,711.80M,6.335B,591.80M,1.538B,481.50M,43.20M,3.747B,964.70M,7.929B,19.96B,356.50M,4.822B,3.590B,11.98B,15.14B,8.390B,964.70M,1.466B,2.827B
ECL,2018-06,-1.593B,54.20M,2.146B,874.50M,87.30M,1.22,1.2,11.10B,7.371B,1.544B,2018-06,1.558B,351.30M,-56.30M,-56.30M,3.759B,688.30M,6.343B,506.70M,1.567B,457.90M,104.30M,3.690B,1.037B,7.850B,19.95B,355.90M,4.608B,3.624B,12.04B,15.34B,8.419B,1.037B,1.515B,2.772B
ECL,2018-03,-1.558B,175.50M,2.072B,1.018B,88.20M,0.86,0.84,11.32B,7.328B,1.399B,2018-03,1.542B,247.30M,-56.40M,-56.40M,3.780B,652.80M,6.398B,380.30M,1.698B,317.30M,69.10M,3.471B,1.018B,7.601B,20.18B,355.50M,4.597B,3.983B,12.51B,15.59B,8.532B,1.018B,1.620B,2.692B
ECL,2017-12,-1.643B,211.40M,2.102B,564.40M,79.00M,1.96,1.93,11.18B,7.136B,1.547B,2017-12,1.446B,562.60M,-77.80M,-77.80M,3.707B,635.40M,6.758B,557.60M,1.660B,548.20M,-20.20M,3.649B,989.00M,7.584B,19.96B,354.70M,4.594B,3.475B,12.31B,15.37B,8.834B,989.00M,1.609B,2.701B
ECL,2017-09,-1.564B,209.10M,2.065B,1.073B,0,1.36,1.34,11.19B,7.023B,1.500B,2017-09,1.509B,393.20M,-55.10M,-55.10M,3.617B,1.030B,6.484B,569.00M,1.462B,525.90M,129.30M,3.564B,930.90M,7.222B,19.86B,354.20M,4.614B,3.757B,12.56B,15.24B,8.801B,930.90M,1.392B,2.689B
ECL,2017-06,-1.644B,260.70M,2.045B,1.771B,0,1.02,1,11.07B,6.786B,1.415B,2017-06,1.470B,294.80M,-59.60M,-59.60M,3.497B,1.029B,5.909B,456.40M,1.440B,376.80M,80.50M,3.46B,958.20M,6.920B,19.52B,354.10M,4.532B,4.318B,12.53B,14.99B,8.216B,958.20M,1.392B,2.578B
ECL,2017-03,-1.636B,212.10M,1.852B,1.699B,0,0.87,0.86,11.03B,6.620B,1.311B,2017-03,1.428B,254.00M,-62.50M,-62.50M,3.425B,1.076B,5.842B,363.40M,1.409B,311.50M,54.20M,3.162B,947.20M,6.809B,19.22B,353.50M,4.307B,4.205B,12.34B,14.92B,8.139B,947.20M,1.336B,2.457B
ECL,2016-12,-1.713B,327.40M,2.380B,541.30M,0,1.26,1.24,10.20B,6.443B,971.00M,2016-12,1.319B,365.70M,-68.30M,-68.30M,3.365B,970.20M,6.146B,515.90M,1.320B,487.60M,116.20M,3.351B,455.10M,6.901B,18.33B,352.60M,4.279B,3.019B,11.36B,14.05B,8.340B,455.10M,1.282B,2.446B
ECL,2016-09,-1.452B,180.60M,1.737B,1.571B,0,1.28,1.27,10.43B,6.366B,1.649B,2016-09,1.342B,374.10M,-64.90M,-64.90M,3.293B,1.031B,5.091B,577.30M,1.392B,509.20M,129.70M,3.386B,1.072B,6.870B,18.38B,352.30M,4.172B,4.174B,11.44B,14.21B,7.263B,1.072B,1.322B,2.470B
ECL,2016-06,-1.493B,167.40M,1.785B,1.750B,0,0.88,0.87,10.48B,6.227B,1.532B,2016-06,1.332B,258.40M,-65.30M,-65.30M,3.257B,1.023B,5.097B,438.70M,1.317B,347.20M,83.60M,3.317B,1.093B,6.600B,18.22B,351.60M,4.095B,4.238B,11.56B,14.13B,7.317B,1.093B,1.269B,2.435B
ECL,2016-03,-1.536B,268.50M,1.631B,1.757B,0,0.78,0.77,10.51B,6.055B,1.466B,2016-03,1.386B,230.80M,-66.10M,-66.10M,3.227B,1.106B,5.083B,377.80M,1.316B,305.40M,73.40M,3.097B,1.088B,6.581B,18.34B,351.00M,4.195B,4.160B,11.69B,14.15B,7.530B,1.088B,1.242B,2.372B
ECL,2015-12,-1.423B,92.80M,1.832B,2.205B,0,0.71,0.69,10.60B,5.956B,1.580B,2015-12,1.388B,208.90M,-62.30M,-62.30M,3.228B,1.281B,4.260B,521.50M,1.340B,260.50M,37.60M,3.412B,1.059B,6.910B,18.64B,350.30M,4.448B,4.764B,11.66B,14.19B,6.897B,1.059B,1.316B,2.528B
ECL,2015-09,-1.405B,184.80M,1.82B,1.009B,0,0.87,0.86,10.67B,5.970B,1.626B,2015-09,1.439B,257.80M,-57.60M,-57.60M,3.212B,1.356B,5.754B,555.70M,1.409B,355.40M,105.30M,3.446B,1.071B,6.783B,18.88B,349.50M,4.642B,3.557B,12.04B,14.24B,8.484B,1.071B,1.343B,2.570B
ECL,2015-06,-1.195B,310.60M,1.806B,2.185B,0,1.02,1,10.74B,5.791B,1.583B,2015-06,1.463B,302.00M,-61.20M,-61.20M,3.123B,1.405B,5.124B,503.40M,1.235B,376.60M,67.80M,3.389B,1.079B,6.812B,19.22B,349.30M,4.971B,4.446B,12.34B,14.25B,7.892B,1.079B,1.212B,2.723B
ECL,2015-03,-1.187B,237.90M,1.765B,1.798B,0,0.78,0.77,10.86B,5.686B,1.532B,2015-03,1.503B,233.40M,-62.50M,-62.50M,3.115B,1.424B,5.409B,395.50M,1.280B,325.20M,89.80M,3.298B,1.137B,6.871B,19.25B,348.70M,4.922B,4.121B,12.32B,14.33B,8.195B,1.137B,1.222B,2.678B
ECL,2014-12,-951.90M,209.60M,1.980B,1.705B,0,1.12,1.1,11.17B,5.541B,1.701B,2014-12,1.467B,335.50M,-62.00M,-62.00M,3.051B,1.416B,4.843B,558.80M,1.492B,458.50M,115.20M,3.681B,1.142B,7.316B,19.43B,347.70M,4.853B,4.368B,12.05B,14.57B,7.677B,1.142B,1.473B,2.760B
ECL,2014-09,-377.30M,197.80M,1.971B,1.923B,0,1.22,1.19,11.43B,5.525B,1.724B,2014-09,1.464B,364.90M,-63.30M,-63.30M,2.978B,1.583B,4.874B,578.40M,1.399B,508.10M,138.70M,3.695B,1.146B,7.698B,19.69B,347.20M,4.872B,4.455B,11.92B,14.81B,7.464B,1.146B,1.333B,2.694B
ECL,2014-06,-350.80M,187.00M,1.909B,1.590B,0,1.04,1.02,11.50B,5.407B,1.659B,2014-06,1.414B,311.40M,-66.20M,-66.20M,2.939B,1.621B,5.539B,506.10M,1.264B,446.00M,131.00M,3.568B,1.153B,7.403B,19.61B,346.70M,4.772B,3.967B,12.15B,14.84B,8.187B,1.153B,1.238B,2.637B
ECL,2014-03,-373.30M,300.30M,1.819B,1.507B,0,0.64,0.62,11.56B,5.263B,1.517B,2014-03,1.367B,191.00M,-65.10M,-65.10M,2.889B,1.660B,5.697B,380.50M,1.288B,285.80M,91.30M,3.337B,1.137B,7.210B,19.56B,346.40M,4.703B,3.904B,12.29B,14.86B,8.386B,1.137B,1.227B,2.520B
ECL,2013-12,-305.20M,339.20M,1.945B,861.00M,0,0.95,0.93,11.65B,5.153B,1.614B,2013-12,1.322B,287.10M,-67.60M,-67.60M,2.882B,1.661B,6.044B,490.80M,1.407B,403.00M,113.40M,3.560B,1.124B,7.344B,19.64B,345.10M,4.698B,3.489B,12.23B,14.94B,8.738B,1.124B,1.387B,2.568B
ECL,2013-09,-700.40M,394.40M,1.866B,713.20M,0,1.02,1,11.66B,4.997B,1.618B,2013-09,1.378B,308.00M,-67.00M,-67.00M,2.786B,1.574B,6.537B,503.80M,1.327B,409.00M,101.80M,3.484B,1.114B,6.776B,19.61B,344.60M,4.796B,3.201B,12.77B,14.82B,9.567B,1.114B,1.255B,2.489B
ECL,2013-06,-582.00M,375.20M,1.810B,872.90M,0,0.71,0.69,11.81B,4.921B,1.528B,2013-06,1.373B,213.10M,-66.20M,-66.20M,2.779B,1.570B,6.635B,425.90M,1.267B,286.10M,70.30M,3.338B,1.102B,6.668B,19.65B,344.10M,4.698B,3.246B,12.92B,14.96B,9.670B,1.102B,1.238B,2.436B
ECL,2013-03,-509.20M,824.30M,1.540B,497.10M,0,0.54,0.53,9.931B,4.510B,1.332B,2013-03,1.145B,159.60M,-61.50M,-61.50M,2.416B,1.190B,5.737B,311.40M,1.165B,200.20M,39.20M,2.872B,1.021B,6.162B,17.30B,343.60M,4.603B,2.684B,11.06B,12.69B,8.380B,1.021B,1.103B,2.182B
ECL,2012-12,-459.70M,1.158B,1.546B,805.80M,0,0.79,0.77,9.965B,4.488B,1.500B,2012-12,1.088B,231.40M,-62.50M,-62.50M,2.409B,1.174B,5.736B,430.50M,1.074B,333.30M,98.80M,3.046B,1.069B,6.077B,17.57B,342.10M,4.892B,3.053B,11.41B,12.68B,8.360B,1.069B,1.054B,2.225B
ECL,2012-09,-353.60M,324.00M,1.616B,631.00M,0,0.81,0.8,9.997B,4.394B,1.407B,2012-09,1.104B,238.00M,-64.20M,-64.20M,2.334B,1.262B,5.387B,429.20M,1.124B,337.00M,97.70M,3.023B,977.70M,5.945B,16.72B,340.10M,4.073B,2.819B,10.70B,12.65B,7.878B,977.70M,1.055B,2.199B
ECL,2012-06,-473.70M,304.90M,1.609B,1.445B,0,0.63,0.62,9.963B,4.242B,1.350B,2012-06,1.072B,184.50M,-63.90M,-63.90M,2.285B,1.241B,4.879B,368.10M,843.20M,262.60M,79.20M,2.959B,981.70M,5.622B,16.47B,339.70M,3.908B,3.451B,10.76B,12.56B,7.312B,981.70M,843.20M,2.077B
ECL,2012-03,-249.50M,354.00M,1.614B,1.347B,0,0.17,0.17,10.18B,4.304B,1.197B,2012-03,1.087B,49.70M,-86.10M,-86.10M,2.332B,1.249B,4.911B,207.20M,1.120B,79.70M,35.60M,2.811B,989.70M,5.733B,16.86B,337.50M,3.960B,3.507B,11.06B,12.90B,7.55B,989.70M,1.060B,2.049B
ECL,2011-12,-344.90M,1.844B,966.50M,1.023B,0,0.34,0.33,10.13B,4.177B,878.80M,2011-12,1.070B,88.70M,-34.40M,-34.40M,2.295B,71.30M,6.613B,227.20M,1.082B,129.80M,41.00M,1.845B,651.60M,5.667B,18.18B,336.10M,5.396B,3.166B,12.44B,12.79B,9.277B,651.60M,1.032B,2.095B
ECL,2011-09,-160.70M,207.30M,877.90M,336.80M,0,0.67,0.65,1.923B,3.138B,858.20M,2011-09,504.90M,154.30M,-13.20M,-13.20M,1.218B,71.50M,700.20M,262.90M,555.70M,226.40M,71.90M,1.736B,595.30M,2.467B,5.506B,335.10M,2.091B,1.618B,3.035B,3.415B,1.417B,595.30M,539.30M,1.143B
ECL,2011-06,-159.50M,163.20M,860.80M,403.50M,0,0.54,0.53,1.933B,3.080B,838.00M,2011-06,495.50M,125.90M,-13.10M,-13.10M,1.213B,68.40M,703.30M,228.40M,541.40M,185.20M,59.00M,1.699B,609.60M,2.338B,5.407B,334.90M,1.994B,1.640B,3.065B,3.413B,1.425B,609.60M,526.80M,1.107B
ECL,2011-03,-205.20M,151.40M,770.40M,506.40M,0,0.4,0.4,1.905B,2.988B,747.90M,2011-03,480.20M,93.60M,-13.50M,-13.50M,1.192B,0,683.70M,166.30M,508.10M,138.20M,44.40M,1.518B,581.60M,2.211B,5.262B,333.70M,1.889B,1.650B,3.048B,3.373B,1.397B,581.60M,501.10M,1.043B
