Ticker,Date,Accrued Comprehensive Inc,Cash and Short Term Investments,Cost of Goods Sold,Current Debt & Capital Lease Obligation,Current Deferred Liabilities,EPS Basic,EPS Diluted,Goodwill and Intangibles,Gross PP&E,Gross Profit,Income (Quarterly),Net Income,Net Non-Operating Interest Income Expense,Net Operating Interest Income,Net PP&E,Non-Current Deferred Liabilities,Non-Current Portion of LTD and Capital Lease Obligation,Operating Income,Payables and Accrued Expenses,Pre-Tax Income,Provision for Income Taxes,Revenue,SG&A Expense,Shareholders Equity,Total Assets,Total Capital Stock,Total Current Assets,Total Current Liabilities,Total Liabilities,Total Long Term Assets,Total Long Term Liabilities,Total Operating Expenses,Total Payables,Total Receivables
EFX,2021-03,-161.30M,765.90M,483.30M,1.101B,117.10M,1.66,1.64,6.45B,1.989B,729.70M,2021-03,201.60M,-37.20M,-37.20M,1.175B,380.70M,3.279B,306.60M,508.30M,268.50M,65.60M,1.213B,308.80M,3.318B,9.669B,236.60M,1.665B,2.342B,6.312B,8.004B,3.971B,423.10M,173.00M,708.80M
EFX,2020-12,-171.40M,1.685B,480.90M,1.101B,108.30M,0.61,0.61,5.588B,1.914B,637.50M,2020-12,87.40M,-36.90M,-36.90M,1.139B,332.30M,3.277B,169.40M,661.20M,111.60M,21.00M,1.118B,366.60M,3.168B,9.612B,236.60M,2.478B,2.483B,6.402B,7.134B,3.918B,468.10M,159.10M,630.60M
EFX,2020-09,-628.50M,1.536B,433.20M,1.102B,103.50M,1.84,1.82,5.462B,1.820B,635.10M,2020-09,224.20M,-37.40M,-37.40M,1.071B,339.90M,3.275B,204.40M,553.00M,300.40M,75.40M,1.068B,330.00M,2.929B,9.250B,236.60M,2.312B,2.391B,6.283B,6.938B,3.892B,430.70M,159.50M,605.90M
EFX,2020-06,-681.70M,1.347B,409.30M,503.70M,98.60M,0.79,0.78,5.430B,1.710B,573.50M,2020-06,95.90M,-36.60M,-36.60M,1.017B,287.90M,3.872B,166.80M,484.30M,122.70M,26.60M,982.80M,309.90M,2.694B,8.833B,236.60M,2.105B,1.656B,6.098B,6.728B,4.442B,406.70M,149.40M,592.50M
EFX,2020-03,-918.90M,369.90M,414.10M,3.10M,111.10M,0.96,0.95,5.253B,1.593B,543.80M,2020-03,116.90M,-30.70M,-30.70M,962.10M,263.40M,3.505B,135.90M,438.70M,156.30M,37.50M,957.90M,316.00M,2.386B,7.623B,236.60M,1.149B,1.144B,5.193B,6.474B,4.049B,407.90M,170.90M,605.50M
EFX,2019-12,-354.40M,401.30M,382.80M,3.10M,104.00M,0.08,0.07,5.448B,1.541B,523.00M,2019-12,23.90M,-29.40M,-29.40M,947.60M,248.00M,3.380B,47.10M,467.90M,43.10M,17.60M,905.80M,389.00M,2.579B,7.909B,236.60M,1.209B,1.359B,5.286B,6.700B,3.927B,475.90M,148.30M,532.10M
EFX,2019-09,-717.50M,167.50M,374.50M,372.00M,97.90M,0.67,0.66,5.374B,1.481B,501.20M,2019-09,81.10M,-28.00M,-28.00M,904.50M,250.30M,2.835B,121.60M,434.40M,96.50M,14.00M,875.70M,295.50M,2.516B,7.431B,236.60M,853.00M,1.492B,4.872B,6.578B,3.380B,379.60M,135.40M,516.60M
EFX,2019-06,-640.00M,135.80M,376.90M,32.30M,97.10M,0.55,0.55,5.482B,1.411B,503.10M,2019-06,66.80M,-27.60M,-27.60M,872.50M,249.90M,2.833B,113.80M,468.90M,89.00M,20.70M,880.00M,306.80M,2.543B,7.474B,236.60M,813.80M,1.498B,4.886B,6.660B,3.388B,389.30M,156.90M,502.60M
EFX,2019-03,-585.90M,133.20M,387.50M,69.70M,107.80M,-4.6,-4.6,5.349B,1.320B,458.60M,2019-03,-555.90M,-26.70M,-26.70M,818.10M,229.30M,2.657B,-617.90M,452.70M,-642.50M,-88.10M,846.10M,998.90M,2.562B,7.336B,236.60M,864.70M,1.523B,4.725B,6.471B,3.202B,1.076B,170.70M,514.00M
EFX,2018-12,-626.30M,223.60M,372.20M,4.90M,98.00M,0.3,0.3,5.324B,1.245B,463.10M,2018-12,36.30M,-26.50M,-26.50M,764.80M,316.20M,2.631B,46.10M,519.90M,39.10M,1.70M,835.30M,337.90M,3.108B,7.153B,236.60M,902.30M,826.80M,3.998B,6.251B,3.171B,417.00M,175.70M,469.10M
EFX,2018-09,-561.40M,253.40M,376.70M,3.10M,104.90M,0.32,0.32,5.390B,1.147B,457.50M,2018-09,38.40M,-26.70M,-26.70M,695.20M,298.60M,2.629B,64.10M,415.90M,38.70M,-0.90M,834.20M,317.50M,3.184B,7.134B,236.60M,887.50M,744.20M,3.892B,6.246B,3.148B,393.40M,139.60M,467.90M
EFX,2018-06,-522.00M,327.40M,348.60M,4.00M,101.50M,1.2,1.19,5.386B,1.054B,528.30M,2018-06,144.80M,-26.40M,-26.40M,636.50M,293.20M,2.628B,193.60M,387.40M,169.40M,23.30M,876.90M,257.50M,3.223B,7.117B,236.60M,948.80M,677.60M,3.837B,6.168B,3.160B,334.70M,121.40M,473.50M
EFX,2018-03,-366.80M,249.30M,342.80M,888.50M,110.70M,0.76,0.75,5.536B,995.40M,522.90M,2018-03,90.90M,-23.90M,-23.90M,590.90M,304.90M,1.740B,144.20M,349.70M,123.20M,29.40M,865.70M,300.50M,3.275B,7.196B,236.60M,917.40M,1.539B,3.859B,6.279B,2.320B,378.70M,106.70M,487.50M
EFX,2017-12,-412.00M,336.40M,318.80M,965.30M,108.40M,1.44,1.42,5.526B,947.00M,519.60M,2017-12,172.30M,-22.70M,-22.70M,567.00M,305.10M,1.739B,192.60M,390.60M,172.30M,-2.20M,838.40M,253.40M,3.174B,7.233B,236.60M,998.40M,1.674B,3.994B,6.235B,2.321B,327.00M,110.30M,444.80M
EFX,2017-09,-311.80M,315.40M,297.30M,667.80M,117.40M,0.8,0.79,5.550B,896.80M,537.50M,2017-09,96.30M,-21.40M,-21.40M,528.70M,303.50M,2.039B,152.90M,311.10M,136.00M,35.50M,834.80M,312.20M,3.100B,7.116B,236.60M,899.30M,1.336B,3.95B,6.216B,2.614B,384.60M,82.50M,458.30M
EFX,2017-06,-405.50M,403.90M,293.70M,794.20M,104.70M,1.37,1.36,5.432B,859.40M,563.00M,2017-06,165.40M,-24.60M,-24.60M,498.10M,325.40M,2.038B,265.90M,287.90M,242.60M,75.00M,856.70M,226.60M,3.021B,7.058B,236.60M,1.001B,1.343B,3.977B,6.058B,2.634B,297.10M,66.50M,462.40M
EFX,2017-03,-414.40M,123.20M,300.80M,631.80M,113.50M,1.28,1.26,5.465B,819.00M,531.40M,2017-03,153.30M,-24.20M,-24.20M,479.00M,330.30M,2.037B,218.60M,272.60M,195.70M,40.30M,832.20M,241.50M,2.888B,6.789B,236.60M,705.20M,1.201B,3.837B,6.084B,2.636B,312.80M,79.60M,459.70M
EFX,2016-12,-528.90M,129.30M,286.30M,585.40M,110.70M,1.03,1.01,5.393B,784.00M,514.80M,2016-12,123.00M,-24.10M,-24.10M,466.90M,325.40M,2.087B,211.10M,389.10M,182.60M,57.80M,801.10M,232.80M,2.663B,6.664B,236.60M,672.90M,1.260B,3.943B,5.991B,2.683B,303.70M,81.00M,433.30M
EFX,2016-09,-363.30M,111.50M,288.00M,706.70M,112.20M,1.11,1.09,5.573B,755.40M,516.10M,2016-09,132.80M,-24.30M,-24.30M,443.30M,358.20M,2.136B,212.10M,305.70M,190.20M,55.30M,804.10M,233.40M,2.746B,6.807B,236.60M,661.80M,1.298B,4.019B,6.145B,2.722B,304.00M,46.00M,436.40M
EFX,2016-06,-447.80M,96.80M,285.80M,447.50M,98.60M,1.1,1.08,5.471B,719.60M,525.50M,2016-06,130.90M,-23.60M,-23.60M,418.20M,365.90M,2.499B,225.70M,274.50M,201.30M,68.30M,811.30M,231.60M,2.542B,6.641B,236.60M,627.20M,961.90M,4.057B,6.014B,3.096B,299.80M,43.40M,418.00M
EFX,2016-03,-384.00M,96.80M,253.30M,1.185B,108.00M,0.86,0.85,5.589B,689.50M,475.00M,2016-03,102.10M,-20.10M,-20.10M,397.40M,364.40M,1.884B,176.20M,279.90M,154.00M,51.60M,728.30M,243.10M,2.487B,6.733B,236.60M,630.10M,1.729B,4.200B,6.103B,2.471B,298.80M,55.90M,424.70M
EFX,2015-12,-484.80M,93.30M,225.00M,49.30M,96.80M,0.94,0.93,3.494B,654.90M,441.30M,2015-12,111.90M,-15.70M,-15.70M,366.80M,205.50M,1.138B,176.90M,292.50M,167.70M,54.70M,666.30M,215.50M,2.311B,4.502B,236.60M,561.60M,603.80M,2.151B,3.940B,1.547B,264.40M,40.60M,349.80M
EFX,2015-09,-477.10M,108.50M,226.50M,186.80M,79.70M,1,0.98,3.536B,633.20M,440.90M,2015-09,117.90M,-15.80M,-15.80M,339.00M,219.90M,1.146B,174.30M,281.60M,172.90M,53.20M,667.40M,217.20M,2.228B,4.541B,236.60M,582.10M,690.70M,2.274B,3.959B,1.583B,266.60M,43.40M,357.70M
EFX,2015-06,-448.20M,84.20M,220.80M,335.10M,74.10M,0.94,0.92,3.591B,613.60M,457.30M,2015-06,111.00M,-16.20M,-16.20M,315.60M,226.40M,1.146B,188.50M,233.60M,158.40M,45.90M,678.10M,218.70M,2.168B,4.586B,236.60M,591.20M,784.50M,2.379B,3.994B,1.594B,268.80M,35.80M,368.20M
EFX,2015-03,-469.80M,95.00M,215.10M,377.50M,76.00M,0.74,0.73,3.605B,596.70M,436.70M,2015-03,88.30M,-16.10M,-16.10M,304.00M,244.10M,1.146B,154.20M,204.80M,137.60M,48.00M,651.80M,232.90M,2.147B,4.595B,236.60M,585.00M,790.80M,2.405B,4.01B,1.614B,282.50M,42.10M,362.70M
EFX,2014-12,-435.40M,128.30M,214.60M,380.40M,73.40M,0.82,0.8,3.656B,655.40M,410.00M,2014-12,98.00M,-16.80M,-16.80M,300.60M,228.30M,1.146B,165.20M,207.70M,151.40M,52.60M,624.60M,195.00M,2.200B,4.661B,236.60M,590.50M,823.10M,2.426B,4.070B,1.603B,244.80M,20.30M,337.20M
EFX,2014-09,-333.90M,115.00M,211.00M,408.90M,67.00M,0.77,0.75,3.712B,761.50M,402.40M,2014-09,92.70M,-17.10M,-17.10M,297.90M,293.70M,1.146B,153.70M,200.30M,139.80M,45.40M,613.40M,197.80M,2.334B,4.707B,236.60M,550.40M,766.10M,2.336B,4.157B,1.57B,248.70M,35.10M,324.00M
EFX,2014-06,-299.50M,91.70M,212.30M,409.80M,68.00M,0.76,0.75,3.772B,774.50M,401.60M,2014-06,92.80M,-17.40M,-17.40M,292.30M,290.50M,1.146B,167.40M,193.00M,150.50M,56.00M,613.90M,183.50M,2.403B,4.766B,236.60M,554.20M,759.80M,2.325B,4.212B,1.565B,234.20M,40.90M,345.30M
EFX,2014-03,-316.60M,101.40M,206.80M,488.40M,66.60M,0.69,0.67,3.790B,776.50M,377.70M,2014-03,83.90M,-17.30M,-17.30M,291.00M,287.20M,1.146B,151.90M,161.50M,132.50M,46.20M,584.50M,175.40M,2.355B,4.750B,236.60M,524.50M,794.60M,2.355B,4.226B,1.56B,225.80M,27.50M,337.20M
EFX,2013-12,-312.60M,235.90M,197.20M,296.50M,61.80M,0.63,0.62,3.464B,761.20M,381.30M,2013-12,76.70M,-17.40M,-17.40M,288.90M,263.70M,1.146B,154.10M,205.50M,121.90M,43.00M,578.50M,181.40M,2.301B,4.540B,236.60M,648.40M,662.50M,2.199B,3.892B,1.536B,227.20M,19.90M,309.70M
EFX,2013-09,-370.70M,131.90M,196.80M,16.40M,57.40M,0.69,0.67,3.418B,773.60M,375.20M,2013-09,83.50M,-17.50M,-17.50M,285.70M,211.40M,1.428B,150.00M,175.30M,133.10M,47.00M,572.00M,173.40M,2.174B,4.390B,236.60M,526.50M,332.40M,2.197B,3.864B,1.865B,225.20M,19.90M,306.20M
EFX,2013-06,-379.80M,104.90M,198.20M,76.50M,57.10M,0.75,0.73,3.421B,753.80M,388.70M,2013-06,90.50M,-17.60M,-17.60M,279.30M,220.90M,1.429B,158.10M,163.50M,144.00M,51.70M,586.90M,186.50M,2.096B,4.374B,236.60M,512.60M,375.80M,2.254B,3.861B,1.878B,230.60M,17.80M,318.50M
EFX,2013-03,-368.60M,107.60M,195.10M,176.70M,58.90M,0.84,0.82,3.454B,741.20M,371.40M,2013-03,101.10M,-17.70M,-17.70M,281.10M,220.80M,1.446B,149.00M,140.70M,131.40M,47.20M,566.50M,174.50M,2.018B,4.387B,236.60M,484.80M,449.70M,2.343B,3.902B,1.893B,222.40M,28.20M,310.40M
EFX,2012-12,-362.00M,146.80M,196.50M,283.30M,57.90M,0.39,0.38,3.533B,745.30M,337.30M,2012-12,46.30M,-14.30M,-14.30M,283.70M,236.70M,1.447B,92.20M,214.70M,79.20M,32.80M,533.80M,205.40M,1.933B,4.520B,236.60M,538.70M,646.50M,2.561B,3.981B,1.914B,245.10M,25.10M,317.00M
EFX,2012-09,-373.00M,267.20M,188.40M,16.90M,54.10M,0.65,0.64,2.558B,741.00M,331.60M,2012-09,77.90M,-13.60M,-13.60M,286.20M,228.60M,951.40M,130.50M,101.10M,118.80M,39.70M,520.00M,161.50M,1.859B,3.606B,236.60M,605.70M,325.50M,1.723B,3.000B,1.397B,201.10M,28.60M,296.90M
EFX,2012-06,-390.90M,183.10M,187.20M,17.00M,54.30M,0.63,0.62,2.563B,721.70M,326.10M,2012-06,76.40M,-13.70M,-13.70M,288.70M,228.70M,951.80M,129.00M,94.30M,117.50M,41.00M,513.30M,156.80M,1.805B,3.521B,236.60M,517.00M,293.80M,1.693B,3.004B,1.399B,197.10M,30.20M,293.90M
EFX,2012-03,-373.50M,132.70M,187.40M,17.00M,56.80M,0.6,0.58,2.594B,708.80M,318.50M,2012-03,71.50M,-13.80M,-13.80M,291.40M,230.00M,965.30M,128.30M,87.00M,115.80M,42.50M,505.90M,149.80M,1.802B,3.518B,236.60M,475.10M,272.90M,1.694B,3.043B,1.421B,190.20M,23.10M,297.80M
EFX,2011-12,-391.80M,127.70M,136.60M,47.20M,55.80M,0.62,0.6,2.607B,693.70M,306.50M,2011-12,74.40M,-13.90M,-13.90M,292.90M,235.90M,966.00M,123.30M,163.00M,110.50M,37.40M,443.10M,146.90M,1.702B,3.519B,236.60M,456.90M,364.90M,1.797B,3.062B,1.432B,183.20M,27.50M,284.40M
EFX,2011-09,-321.30M,102.00M,186.60M,67.70M,50.50M,0.55,0.54,2.617B,683.30M,303.80M,2011-09,66.70M,-13.70M,-13.70M,296.00M,250.70M,967.80M,121.60M,87.60M,108.50M,39.20M,490.40M,141.70M,1.766B,3.512B,236.60M,430.20M,344.20M,1.728B,3.082B,1.384B,182.20M,21.90M,275.80M
EFX,2011-06,-295.90M,108.70M,188.70M,17.60M,52.60M,0.28,0.28,2.575B,673.80M,298.40M,2011-06,34.50M,-13.70M,-13.70M,300.90M,252.50M,963.90M,114.60M,89.00M,91.30M,54.20M,487.10M,142.70M,1.784B,3.489B,236.60M,436.50M,298.70M,1.687B,3.053B,1.388B,183.80M,26.70M,273.00M
