Ticker,Date,Accrued Comprehensive Inc,Cash and Short Term Investments,Cost of Goods Sold,Current Debt & Capital Lease Obligation,Current Deferred Liabilities,EPS Basic,EPS Diluted,Goodwill and Intangibles,Gross PP&E,Gross Profit,Income (Quarterly),Inventories,Net Income,Net Non-Operating Interest Income Expense,Net Operating Interest Income,Net PP&E,Non-Current Portion of LTD and Capital Lease Obligation,Operating Income,Payables and Accrued Expenses,Pre-Tax Income,Provision for Income Taxes,Revenue,SG&A Expense,Shareholders Equity,Total Assets,Total Capital Stock,Total Current Assets,Total Current Liabilities,Total Liabilities,Total Long Term Assets,Total Long Term Liabilities,Total Operating Expenses,Total Payables,Total Receivables
EL,2020-12,-383.00M,5.545B,1.084B,857.00M,365.00M,2.4,2.37,3.825B,7.822B,3.769B,2020-12,2.116B,873.00M,-26.00M,-26.00M,4.467B,7.227B,1.179B,3.704B,1.03B,153.00M,4.853B,2.59B,5.421B,19.60B,6.00M,10.29B,5.42B,14.14B,9.304B,8.719B,2.59B,2.01B,1.972B
EL,2020-09,-594.00M,4.267B,825.00M,872.00M,353.00M,1.44,1.42,3.779B,7.61B,2.737B,2020-09,2.204B,523.00M,-31.00M,-31.00M,4.399B,7.222B,711.00M,3.114B,671.00M,146.00M,3.562B,2.026B,4.452B,17.90B,6.00M,8.795B,4.744B,13.42B,9.108B,8.678B,2.026B,1.724B,1.812B
EL,2020-06,-665.00M,5.022B,767.00M,1.597B,222.00M,-1.28,-1.28,3.739B,7.416B,1.663B,2020-06,2.062B,-462.00M,-42.00M,-42.00M,4.337B,7.192B,-221.00M,2.936B,-605.00M,-146.00M,2.43B,1.884B,3.935B,17.78B,6.00M,8.892B,5.179B,13.82B,8.889B,8.64B,1.884B,1.177B,1.194B
EL,2020-03,-712.00M,4.876B,836.00M,1.898B,306.00M,-0.02,-0.02,3.823B,7.488B,2.509B,2020-03,2.087B,-6.00M,-28.00M,-28.00M,4.538B,6.962B,479.00M,3.098B,80.00M,84.00M,3.345B,2.03B,4.329B,18.36B,6.00M,9.233B,5.681B,14.00B,9.13B,8.324B,2.03B,1.162B,1.846B
EL,2019-12,-569.00M,3.596B,1.041B,891.00M,378.00M,1.55,1.52,4.262B,7.559B,3.583B,2019-12,2.058B,557.00M,-25.00M,-25.00M,4.603B,6.98B,1.045B,3.247B,811.00M,250.00M,4.624B,2.538B,4.574B,17.94B,6.00M,8.348B,4.953B,13.34B,9.589B,8.383B,2.538B,1.462B,2.225B
EL,2019-09,-627.00M,2.259B,908.00M,866.00M,345.00M,1.65,1.61,3.059B,7.36B,2.987B,2019-09,2.055B,595.00M,-18.00M,-18.00M,4.534B,5.23B,802.00M,2.998B,760.00M,162.00M,3.895B,2.185B,4.53B,15.43B,6.00M,7.022B,4.59B,10.87B,8.409B,6.283B,2.185B,1.334B,2.294B
EL,2019-06,-563.00M,2.987B,835.00M,516.00M,314.00M,0.43,0.43,3.071B,4.831B,2.755B,2019-06,2.006B,157.00M,-16.00M,-16.00M,2.068B,2.896B,333.00M,3.201B,199.00M,41.00M,3.59B,2.422B,4.386B,13.16B,6.00M,7.212B,4.605B,8.745B,5.944B,4.14B,2.422B,1.49B,1.831B
EL,2019-03,-498.00M,2.902B,819.00M,516.00M,299.00M,1.53,1.51,3.08B,4.668B,2.925B,2019-03,1.814B,555.00M,-17.00M,-17.00M,1.891B,2.883B,755.00M,2.916B,727.00M,170.00M,3.744B,2.17B,4.588B,12.93B,6.00M,7.16B,4.231B,8.314B,5.771B,4.083B,2.17B,1.531B,2.036B
EL,2018-12,-430.00M,2.401B,910.00M,18.00M,425.00M,1.58,1.55,3.144B,4.629B,3.095B,2018-12,1.651B,573.00M,-23.00M,-23.00M,1.859B,3.373B,838.00M,2.917B,748.00M,171.00M,4.005B,2.257B,4.306B,12.68B,6.00M,6.44B,3.776B,8.343B,6.236B,4.567B,2.257B,1.533B,2.00B
EL,2018-09,-409.00M,1.993B,823.00M,183.00M,371.00M,1.36,1.34,3.193B,4.528B,2.701B,2018-09,1.681B,500.00M,-19.00M,-19.00M,1.838B,3.361B,693.00M,2.63B,633.00M,131.00M,3.524B,2.008B,4.406B,12.54B,6.00M,6.249B,3.563B,8.113B,6.294B,4.55B,2.008B,1.322B,2.214B
EL,2018-06,-434.00M,2.715B,697.00M,183.00M,33.00M,0.51,0.49,3.202B,4.435B,2.598B,2018-06,1.618B,186.00M,-16.00M,-16.00M,1.823B,3.361B,311.00M,2.515B,261.00M,73.00M,3.295B,2.287B,4.688B,12.57B,6.00M,6.168B,3.31B,7.857B,6.399B,4.547B,2.287B,1.182B,1.487B
EL,2018-03,-386.00M,2.524B,683.00M,296.00M,0,1.01,0.99,3.224B,4.352B,2.687B,2018-03,1.533B,372.00M,-17.00M,-17.00M,1.726B,3.363B,595.00M,2.587B,480.00M,106.00M,3.37B,2.092B,4.711B,12.77B,6.00M,6.169B,3.388B,8.035B,6.603B,4.647B,2.092B,1.292B,1.761B
EL,2017-12,-407.00M,2.499B,753.00M,413.00M,0,0.33,0.33,3.228B,4.308B,2.991B,2017-12,1.445B,123.00M,-20.00M,-20.00M,1.728B,3.374B,777.00M,2.563B,690.00M,565.00M,3.744B,2.214B,4.565B,12.60B,6.00M,5.975B,3.403B,8.015B,6.629B,4.612B,2.214B,1.276B,1.699B
EL,2017-09,-435.00M,1.825B,711.00M,552.00M,0,1.16,1.14,3.237B,4.152B,2.563B,2017-09,1.518B,427.00M,-19.00M,-19.00M,1.695B,3.383B,603.00M,2.222B,549.00M,119.00M,3.274B,1.96B,4.731B,12.20B,6.00M,5.507B,3.142B,7.449B,6.695B,4.307B,1.96B,912.00M,1.799B
EL,2017-06,-484.00M,1.741B,610.00M,189.00M,0,0.62,0.61,3.243B,4.019B,2.284B,2017-06,1.479B,229.00M,-23.00M,-23.00M,1.671B,3.383B,346.00M,2.112B,207.00M,-23.00M,2.894B,1.938B,4.384B,11.57B,6.00M,4.964B,2.823B,7.166B,6.604B,4.343B,1.938B,1.025B,1.395B
EL,2017-03,-599.00M,1.84B,591.00M,519.00M,0,0.81,0.8,3.279B,3.888B,2.266B,2017-03,1.31B,298.00M,-20.00M,-20.00M,1.576B,3.377B,486.00M,1.904B,407.00M,107.00M,2.857B,1.78B,4.119B,11.44B,6.00M,4.972B,2.86B,7.31B,6.473B,4.45B,1.78B,803.00M,1.528B
EL,2016-12,-639.00M,1.675B,637.00M,2.143B,0,1.17,1.15,3.287B,3.881B,2.571B,2016-12,1.278B,428.00M,-17.00M,-17.00M,1.563B,1.89B,654.00M,1.947B,600.00M,170.00M,3.208B,1.917B,3.793B,11.21B,6.00M,4.789B,4.458B,7.404B,6.423B,2.946B,1.917B,859.00M,1.508B
EL,2016-09,-548.00M,1.189B,596.00M,592.00M,0,0.8,0.79,1.569B,3.86B,2.269B,2016-09,1.296B,294.00M,-15.00M,-15.00M,1.569B,1.908B,444.00M,1.785B,403.00M,107.00M,2.865B,1.825B,3.657B,9.348B,6.00M,4.401B,2.712B,5.673B,4.947B,2.961B,1.825B,741.00M,1.624B
EL,2016-06,-545.00M,1.383B,511.00M,332.00M,0,0.25,0.25,1.572B,3.796B,2.135B,2016-06,1.264B,94.00M,-13.00M,-13.00M,1.583B,1.91B,242.00M,1.845B,130.00M,35.00M,2.646B,1.893B,3.572B,9.223B,6.00M,4.225B,2.681B,5.636B,4.998B,2.955B,1.893B,880.00M,1.258B
EL,2016-03,-439.30M,1.074B,504.00M,312.80M,0,0.72,0.71,1.578B,3.741B,2.153B,2016-03,1.150B,265.00M,-14.00M,-14.00M,1.510B,1.612B,399.00M,1.685B,370.00M,104.00M,2.657B,1.754B,3.812B,8.816B,5.70M,4.252B,2.434B,4.994B,4.564B,2.560B,1.754B,876.20M,1.417B
EL,2015-12,-497.20M,1.414B,589.00M,374.40M,0,1.21,1.19,1.464B,3.702B,2.535B,2015-12,1.077B,447.00M,-14.00M,-14.00M,1.497B,1.607B,649.00M,1.751B,616.00M,167.00M,3.124B,1.886B,3.604B,8.582B,5.70M,4.476B,2.479B,4.967B,4.106B,2.487B,1.886B,911.60M,1.411B
EL,2015-09,-449.40M,1.079B,577.00M,453.70M,0,0.83,0.82,1.467B,3.607B,2.258B,2015-09,1.177B,309.00M,-14.00M,-14.00M,1.468B,1.612B,453.00M,1.676B,439.00M,128.00M,2.835B,1.805B,3.490B,8.425B,5.70M,4.383B,2.454B,4.923B,4.042B,2.469B,1.805B,854.50M,1.539B
EL,2015-06,-381.50M,1.525B,487.40M,29.80M,0,0.41,0.4,1.471B,3.580B,2.037B,2015-06,1.216B,153.10M,-8.50M,-8.50M,1.490B,1.595B,228.00M,1.637B,219.50M,65.10M,2.524B,1.809B,3.643B,8.227B,5.70M,4.184B,2.130B,4.573B,4.043B,2.443B,1.809B,777.40M,1.174B
EL,2015-03,-408.90M,1.425B,502.90M,135.30M,0,0.72,0.71,1.477B,3.44B,2.078B,2015-03,1.073B,272.10M,-12.10M,-12.10M,1.398B,1.318B,397.20M,1.578B,385.10M,112.40M,2.580B,1.680B,3.855B,8.095B,5.70M,4.429B,2.097B,4.230B,3.666B,2.133B,1.680B,800.60M,1.350B
EL,2014-12,-295.30M,1.372B,573.10M,68.50M,0,1.15,1.13,1.209B,3.525B,2.471B,2014-12,1.112B,435.70M,-11.20M,-11.20M,1.434B,1.321B,632.80M,1.646B,621.60M,183.90M,3.044B,1.839B,3.818B,7.857B,5.60M,4.426B,2.044B,4.027B,3.431B,1.983B,1.839B,869.20M,1.399B
EL,2014-09,-204.10M,1.395B,536.60M,14.00M,0,0.6,0.59,1.048B,3.491B,2.094B,2014-09,1.257B,228.10M,-13.20M,-13.20M,1.444B,1.319B,348.00M,1.616B,334.80M,105.60M,2.631B,1.746B,3.780B,7.664B,5.60M,4.728B,1.942B,3.870B,2.936B,1.928B,1.746B,846.70M,1.502B
EL,2014-06,-100.30M,1.629B,533.80M,18.40M,0,0.67,0.66,1.050B,3.530B,2.192B,2014-06,1.294B,257.70M,-12.60M,-12.60M,1.503B,1.325B,379.50M,1.570B,367.60M,109.20M,2.725B,1.812B,3.855B,7.869B,5.60M,4.825B,2.057B,3.999B,3.044B,1.943B,1.812B,799.30M,1.379B
EL,2014-03,-109.50M,1.530B,498.70M,18.40M,0,0.55,0.54,1.052B,3.415B,2.051B,2014-03,1.215B,213.20M,-12.30M,-12.30M,1.435B,1.328B,341.60M,1.601B,329.30M,115.60M,2.550B,1.710B,3.667B,7.646B,5.60M,4.692B,2.039B,3.964B,2.954B,1.924B,1.710B,845.50M,1.399B
EL,2013-12,-106.30M,1.748B,581.60M,15.90M,0,1.11,1.09,1.053B,3.417B,2.437B,2013-12,1.146B,432.50M,-12.40M,-12.40M,1.395B,1.323B,652.90M,1.678B,643.90M,208.70M,3.019B,1.784B,3.869B,7.841B,5.60M,4.926B,2.039B,3.958B,2.916B,1.919B,1.784B,858.50M,1.501B
EL,2013-09,-96.30M,1.322B,544.10M,15.90M,0,0.78,0.76,1.052B,3.340B,2.131B,2013-09,1.196B,300.70M,-13.50M,-13.50M,1.364B,1.325B,450.70M,1.643B,436.00M,134.20M,2.675B,1.680B,3.596B,7.520B,5.60M,4.632B,1.988B,3.908B,2.888B,1.920B,1.680B,806.70M,1.567B
EL,2013-06,-157.50M,1.496B,475.60M,18.30M,0,0.24,0.24,1.051B,3.228B,1.932B,2013-06,1.114B,94.00M,-13.00M,-13.00M,1.351B,1.326B,166.60M,1.483B,132.80M,36.90M,2.407B,1.765B,3.287B,7.145B,5.60M,4.297B,1.935B,3.843B,2.848B,1.909B,1.765B,698.70M,1.172B
EL,2013-03,-198.30M,1.439B,443.10M,20.00M,0,0.46,0.45,1.072B,3.161B,1.849B,2013-03,989.30M,178.80M,-12.60M,-12.60M,1.296B,1.329B,243.40M,1.896B,232.50M,53.60M,2.292B,1.605B,3.194B,7.095B,5.60M,4.286B,1.916B,3.888B,2.809B,1.972B,1.605B,557.00M,1.362B
EL,2012-12,-133.60M,1.324B,568.00M,26.00M,0,1.16,1.13,1.074B,3.149B,2.365B,2012-12,994.10M,447.50M,-13.40M,-13.40M,1.302B,1.330B,666.40M,2.026B,661.00M,211.60M,2.933B,1.699B,3.110B,7.170B,5.60M,4.341B,2.052B,4.047B,2.829B,1.995B,1.699B,646.10M,1.532B
EL,2012-09,-144.40M,1.054B,539.20M,24.00M,0,0.77,0.76,1.073B,3.068B,2.010B,2012-09,1.068B,299.50M,-15.80M,-15.80M,1.269B,1.331B,482.40M,1.948B,448.90M,149.30M,2.550B,1.528B,3.025B,7.008B,5.50M,4.213B,1.972B,3.967B,2.794B,1.995B,1.528B,605.30M,1.605B
EL,2012-06,-212.90M,1.348B,441.20M,219.00M,0,0.13,0.13,1.073B,2.968B,1.81B,2012-06,983.60M,51.20M,-14.00M,-14.00M,1.232B,1.069B,108.60M,1.475B,59.20M,7.00M,2.251B,1.701B,2.733B,6.593B,5.50M,3.855B,2.126B,3.846B,2.738B,1.720B,1.701B,724.00M,1.060B
EL,2012-03,-48.90M,1.193B,469.30M,144.00M,0,0.34,0.33,1.090B,2.932B,1.779B,2012-03,898.70M,130.40M,-14.50M,-14.50M,1.182B,1.066B,239.90M,1.914B,197.00M,65.70M,2.248B,1.539B,2.836B,6.602B,5.50M,3.900B,2.058B,3.746B,2.702B,1.688B,1.539B,587.00M,1.305B
EL,2011-12,-84.20M,999.10M,551.00M,143.80M,0,1.03,1,1.091B,2.878B,2.186B,2011-12,898.90M,396.70M,-16.60M,-16.60M,1.151B,1.069B,609.80M,1.878B,590.90M,192.50M,2.738B,1.577B,2.626B,6.342B,5.50M,3.753B,2.022B,3.698B,2.589B,1.676B,1.577B,591.90M,1.384B
EL,2011-09,-66.20M,719.50M,534.30M,141.80M,0,0.71,0.7,1.099B,2.840B,1.942B,2011-09,982.20M,278.60M,-16.00M,-16.00M,1.125B,1.073B,434.70M,1.828B,414.00M,135.40M,2.477B,1.508B,2.475B,6.135B,2.70M,3.562B,1.970B,3.643B,2.573B,1.674B,1.508B,588.10M,1.378B
EL,2011-06,17.70M,1.253B,425.10M,138.00M,0,0.11,0.1,1.105B,2.862B,1.636B,2011-06,995.60M,41.10M,-15.90M,-15.90M,1.143B,1.080B,75.70M,1.383B,48.70M,5.50M,2.061B,1.560B,2.629B,6.274B,2.70M,3.686B,1.943B,3.627B,2.587B,1.684B,1.560B,634.10M,945.60M
EL,2011-03,-49.70M,1.099B,482.60M,144.70M,0,0.32,0.31,1.107B,2.792B,1.683B,2011-03,889.30M,124.70M,-15.80M,-15.80M,1.087B,1.083B,267.20M,1.830B,193.30M,68.20M,2.166B,1.416B,2.508B,6.196B,2.70M,3.710B,1.974B,3.668B,2.486B,1.693B,1.416B,490.30M,1.250B
