Ticker,Date,Accrued Comprehensive Inc,Cash and Short Term Investments,Cost of Goods Sold,Current Debt & Capital Lease Obligation,EPS Basic,EPS Diluted,Goodwill and Intangibles,Gross PP&E,Gross Profit,Income (Quarterly),Inventories,Net Income,Net Non-Operating Interest Income Expense,Net Operating Interest Income,Net PP&E,Non-Current Deferred Liabilities,Non-Current Portion of LTD and Capital Lease Obligation,Operating Income,Payables and Accrued Expenses,Pre-Tax Income,Provision for Income Taxes,Research and Development Expense,Revenue,SG&A Expense,Shareholders Equity,Total Assets,Total Capital Stock,Total Current Assets,Total Current Liabilities,Total Liabilities,Total Long Term Assets,Total Long Term Liabilities,Total Operating Expenses,Total Payables,Total Receivables
EMN,2020-12,-273.00M,564.00M,1.66B,349.00M,0.23,0.23,6.257B,13.53B,526.00M,2020-12,1.379B,32.00M,-51.00M,-51.00M,5.549B,848.00M,5.269B,295.00M,1.299B,25.00M,-9.00M,57.00M,2.186B,174.00M,6.023B,16.08B,2.00M,3.541B,2.038B,9.975B,12.54B,7.937B,231.00M,1.071B,1.515B
EMN,2020-09,-243.00M,650.00M,1.621B,370.00M,1.19,1.18,6.245B,13.33B,501.00M,2020-09,1.338B,161.00M,-52.00M,-52.00M,5.489B,928.00M,5.495B,280.00M,1.03B,190.00M,25.00M,56.00M,2.122B,165.00M,6.075B,16.01B,2.00M,3.534B,1.789B,9.853B,12.48B,8.064B,221.00M,842.00M,1.454B
EMN,2020-06,-209.00M,704.00M,1.553B,702.00M,0.2,0.2,6.242B,13.18B,371.00M,2020-06,1.419B,27.00M,-55.00M,-55.00M,5.478B,932.00M,5.431B,164.00M,849.00M,-1.00M,-31.00M,52.00M,1.924B,155.00M,6.021B,15.97B,2.00M,3.526B,1.878B,9.875B,12.45B,7.997B,207.00M,708.00M,1.326B
EMN,2020-03,-197.00M,680.00M,1.664B,895.00M,1.9,1.89,6.379B,13.08B,577.00M,2020-03,1.659B,258.00M,-52.00M,-52.00M,5.498B,924.00M,5.399B,356.00M,1.066B,316.00M,56.00M,61.00M,2.241B,160.00M,6.117B,16.46B,2.00M,3.851B,2.315B,10.27B,12.61B,7.958B,221.00M,939.00M,1.436B
EMN,2019-12,-214.00M,204.00M,1.708B,171.00M,0.19,0.19,6.442B,13.08B,497.00M,2019-12,1.662B,26.00M,-53.00M,-53.00M,5.571B,915.00M,5.611B,261.00M,1.245B,9.00M,-18.00M,60.00M,2.205B,176.00M,5.958B,16.01B,2.00M,3.321B,1.789B,9.976B,12.69B,8.187B,236.00M,1.069B,1.375B
EMN,2019-09,-203.00M,207.00M,1.751B,642.00M,1.95,1.93,6.498B,13.10B,574.00M,2019-09,1.695B,266.00M,-54.00M,-54.00M,5.739B,887.00M,5.567B,352.00M,973.00M,313.00M,46.00M,59.00M,2.325B,163.00M,6.02B,16.14B,2.00M,3.44B,2.08B,10.04B,12.70B,7.96B,222.00M,810.00M,1.47B
EMN,2019-06,-235.00M,186.00M,1.774B,731.00M,1.87,1.85,6.574B,13.06B,589.00M,2019-06,1.73B,258.00M,-55.00M,-55.00M,5.761B,888.00M,5.624B,367.00M,1.019B,316.00M,57.00M,57.00M,2.363B,165.00M,5.869B,16.26B,2.00M,3.516B,2.226B,10.31B,12.74B,8.084B,222.00M,903.00M,1.518B
EMN,2019-03,-194.00M,195.00M,1.806B,862.00M,1.5,1.49,6.607B,13.02B,574.00M,2019-03,1.704B,209.00M,-56.00M,-56.00M,5.795B,892.00M,5.602B,329.00M,1.039B,264.00M,55.00M,58.00M,2.38B,187.00M,5.843B,16.36B,2.00M,3.551B,2.352B,10.44B,12.81B,8.09B,245.00M,924.00M,1.582B
EMN,2018-12,-245.00M,226.00M,1.91B,243.00M,0.25,0.24,6.652B,12.73B,466.00M,2018-12,1.583B,34.00M,-57.00M,-57.00M,5.60B,884.00M,5.925B,240.00M,1.292B,71.00M,36.00M,59.00M,2.376B,167.00M,5.803B,16.00B,2.00M,3.365B,1.851B,10.12B,12.63B,8.266B,226.00M,1.095B,1.483B
EMN,2018-09,-194.00M,193.00M,1.819B,728.00M,2.93,2.89,6.74B,12.60B,728.00M,2018-09,1.625B,412.00M,-58.00M,-58.00M,5.57B,944.00M,5.898B,493.00M,1.096B,459.00M,46.00M,60.00M,2.547B,175.00M,5.92B,16.36B,2.00M,3.647B,2.153B,10.37B,12.72B,8.214B,235.00M,905.00M,1.772B
EMN,2018-06,-193.00M,193.00M,1.917B,662.00M,2.42,2.39,6.792B,12.51B,704.00M,2018-06,1.532B,344.00M,-61.00M,-61.00M,5.57B,933.00M,6.033B,455.00M,1.025B,430.00M,84.00M,60.00M,2.621B,189.00M,5.697B,16.26B,2.00M,3.498B,2.068B,10.49B,12.76B,8.418B,249.00M,890.00M,1.707B
EMN,2018-03,-212.00M,194.00M,2.026B,589.00M,2.03,2,6.889B,12.52B,581.00M,2018-03,1.476B,290.00M,-59.00M,-59.00M,5.632B,914.00M,6.311B,335.00M,1.025B,350.00M,60.00M,56.00M,2.607B,190.00M,5.545B,16.37B,2.00M,3.483B,2.029B,10.75B,12.88B,8.717B,246.00M,905.00M,1.749B
EMN,2017-12,-209.00M,191.00M,1.905B,393.00M,4.05,4.01,6.90B,12.37B,457.00M,2017-12,1.509B,491.00M,-59.00M,-59.00M,5.607B,893.00M,6.147B,215.00M,1.152B,186.00M,-305.00M,53.00M,2.362B,189.00M,5.403B,16.00B,2.00M,3.143B,1.982B,10.52B,12.86B,8.537B,242.00M,953.00M,1.386B
EMN,2017-09,-238.00M,195.00M,1.794B,369.00M,2.24,2.22,6.924B,12.14B,671.00M,2017-09,1.576B,323.00M,-61.00M,-61.00M,5.485B,1.349B,6.325B,432.00M,978.00M,403.00M,79.00M,59.00M,2.465B,180.00M,5.023B,16.02B,2.00M,3.245B,1.771B,10.92B,12.78B,9.154B,239.00M,795.00M,1.425B
EMN,2017-06,-286.00M,222.00M,1.789B,212.00M,2.01,2,6.94B,11.97B,630.00M,2017-06,1.54B,292.00M,-61.00M,-61.00M,5.403B,1.286B,6.669B,391.00M,890.00M,359.00M,65.00M,58.00M,2.419B,181.00M,4.812B,15.96B,2.00M,3.262B,1.596B,11.07B,12.70B,9.478B,239.00M,765.00M,1.437B
EMN,2017-03,-306.00M,197.00M,1.698B,305.00M,1.9,1.89,6.918B,11.78B,605.00M,2017-03,1.495B,278.00M,-60.00M,-60.00M,5.321B,1.269B,6.578B,369.00M,854.00M,341.00M,62.00M,57.00M,2.303B,179.00M,4.651B,15.76B,2.00M,3.165B,1.637B,11.03B,12.59B,9.391B,236.00M,744.00M,1.405B
EMN,2016-12,-281.00M,181.00M,1.691B,283.00M,0.88,0.87,6.94B,11.70B,497.00M,2016-12,1.404B,116.00M,-64.00M,-64.00M,5.276B,1.206B,6.311B,268.00M,1.006B,113.00M,-5.00M,60.00M,2.188B,169.00M,4.532B,15.46B,2.00M,2.866B,1.795B,10.85B,12.59B,9.054B,229.00M,810.00M,1.211B
EMN,2016-09,-348.00M,207.00M,1.666B,675.00M,1.57,1.56,7.017B,11.56B,621.00M,2016-09,1.471B,232.00M,-64.00M,-64.00M,5.197B,1.022B,5.933B,386.00M,925.00M,289.00M,56.00M,54.00M,2.287B,181.00M,4.441B,15.49B,2.00M,2.90B,2.206B,10.97B,12.59B,8.767B,235.00M,728.00M,1.163B
EMN,2016-06,-311.00M,240.00M,1.692B,722.00M,1.73,1.71,7.105B,11.44B,605.00M,2016-06,1.445B,255.00M,-63.00M,-63.00M,5.162B,1.014B,6.082B,376.00M,782.00M,324.00M,67.00M,55.00M,2.297B,174.00M,4.375B,15.58B,2.00M,2.93B,2.189B,11.13B,12.65B,8.94B,229.00M,610.00M,1.177B
EMN,2016-03,-305.00M,202.00M,1.602B,513.00M,1.7,1.69,7.164B,11.40B,634.00M,2016-03,1.493B,251.00M,-64.00M,-64.00M,5.185B,939.00M,6.565B,397.00M,758.00M,323.00M,72.00M,54.00M,2.236B,183.00M,4.204B,15.62B,2.00M,2.863B,1.847B,11.33B,12.75B,9.484B,237.00M,633.00M,1.106B
EMN,2015-12,-390.00M,293.00M,1.716B,431.00M,0.83,0.83,7.168B,11.23B,509.00M,2015-12,1.479B,124.00M,-65.00M,-65.00M,5.13B,928.00M,6.577B,225.00M,1.006B,117.00M,-8.00M,74.00M,2.225B,210.00M,3.941B,15.58B,2.00M,2.878B,2.056B,11.56B,12.70B,9.503B,284.00M,779.00M,1.038B
EMN,2015-09,-446.00M,309.00M,1.752B,251.00M,1.73,1.71,7.20B,11.05B,695.00M,2015-09,1.484B,256.00M,-66.00M,-66.00M,5.045B,1.004B,7.029B,453.00M,962.00M,353.00M,95.00M,59.00M,2.447B,183.00M,3.877B,15.88B,2.00M,3.182B,1.80B,11.92B,12.70B,10.12B,242.00M,782.00M,1.12B
EMN,2015-06,-363.00M,268.00M,1.813B,251.00M,2,1.98,7.251B,10.94B,720.00M,2015-06,1.439B,297.00M,-66.00M,-66.00M,5.011B,962.00M,7.072B,469.00M,974.00M,403.00M,104.00M,57.00M,2.533B,194.00M,3.764B,15.89B,2.00M,3.167B,1.821B,12.04B,12.72B,10.22B,251.00M,832.00M,1.188B
EMN,2015-03,-441.00M,196.00M,1.787B,351.00M,1.15,1.14,7.24B,10.88B,656.00M,2015-03,1.447B,171.00M,-66.00M,-66.00M,4.957B,1.023B,7.293B,420.00M,797.00M,256.00M,84.00M,56.00M,2.443B,180.00M,3.443B,15.83B,2.00M,3.166B,1.764B,12.31B,12.67B,10.55B,236.00M,705.00M,1.216B
EMN,2014-12,-277.00M,214.00M,2.016B,301.00M,0.11,0.11,7.391B,11.03B,333.00M,2014-12,1.509B,16.00M,-55.00M,-55.00M,5.087B,946.00M,7.248B,27.00M,1.018B,-29.00M,-46.00M,62.00M,2.349B,244.00M,3.51B,16.07B,2.00M,3.173B,2.022B,12.48B,12.90B,10.46B,306.00M,827.00M,1.20B
EMN,2014-09,78.00M,212.00M,1.777B,0,1.41,1.39,4.524B,10.23B,636.00M,2014-09,1.358B,210.00M,-45.00M,-45.00M,4.352B,573.00M,4.563B,409.00M,1.065B,298.00M,86.00M,56.00M,2.413B,171.00M,3.901B,12.14B,2.00M,2.89B,1.398B,8.156B,9.245B,6.758B,227.00M,866.00M,1.126B
EMN,2014-06,173.00M,175.00M,1.803B,0,1.96,1.93,4.582B,10.15B,657.00M,2014-06,1.354B,292.00M,-45.00M,-45.00M,4.343B,572.00M,4.773B,429.00M,944.00M,399.00M,107.00M,56.00M,2.46B,172.00M,3.882B,12.24B,2.00M,2.986B,1.274B,8.279B,9.252B,7.005B,228.00M,772.00M,1.226B
EMN,2014-03,168.00M,185.00M,1.71B,0,1.54,1.52,4.374B,10.07B,595.00M,2014-03,1.377B,233.00M,-42.00M,-42.00M,4.301B,546.00M,4.635B,374.00M,913.00M,322.00M,88.00M,53.00M,2.305B,168.00M,3.729B,11.95B,2.00M,2.949B,1.259B,8.139B,8.998B,6.88B,221.00M,794.00M,1.167B
EMN,2013-12,171.00M,237.00M,1.471B,0,2.26,2.22,4.418B,9.958B,794.00M,2013-12,1.264B,346.00M,-43.00M,-43.00M,4.29B,496.00M,4.254B,614.00M,967.00M,518.00M,169.00M,45.00M,2.265B,135.00M,3.796B,11.84B,2.00M,2.84B,1.47B,7.97B,9.005B,6.50B,180.00M,762.00M,1.088B
EMN,2013-09,147.00M,222.00M,1.649B,0,2,1.97,4.435B,9.872B,689.00M,2013-09,1.274B,308.00M,-44.00M,-44.00M,4.217B,204.00M,4.429B,482.00M,962.00M,434.00M,125.00M,48.00M,2.338B,159.00M,3.588B,11.73B,2.00M,2.767B,1.323B,8.058B,8.96B,6.735B,207.00M,754.00M,1.148B
EMN,2013-06,90.00M,234.00M,1.763B,4.00M,1.71,1.69,4.44B,9.747B,677.00M,2013-06,1.286B,264.00M,-46.00M,-46.00M,4.177B,97.00M,4.679B,446.00M,956.00M,382.00M,116.00M,51.00M,2.44B,180.00M,3.29B,11.76B,2.00M,2.838B,1.309B,8.389B,8.924B,7.08B,231.00M,757.00M,1.226B
EMN,2013-03,85.00M,178.00M,1.691B,4.00M,1.6,1.57,4.477B,9.684B,616.00M,2013-03,1.301B,247.00M,-47.00M,-47.00M,4.154B,104.00M,4.779B,396.00M,931.00M,345.00M,97.00M,49.00M,2.307B,171.00M,3.105B,11.69B,2.00M,2.737B,1.293B,8.499B,8.95B,7.206B,220.00M,799.00M,1.172B
EMN,2012-12,123.00M,249.00M,1.844B,120.00M,-0.35,-0.35,4.493B,9.681B,325.00M,2012-12,1.26B,-54.00M,-48.00M,-48.00M,4.181B,182.00M,4.779B,39.00M,1.029B,-86.00M,-34.00M,62.00M,2.169B,224.00M,2.943B,11.71B,2.00M,2.699B,1.364B,8.682B,9.011B,7.318B,286.00M,799.00M,997.00M
EMN,2012-09,109.00M,237.00M,1.734B,5.00M,1.01,0.99,4.249B,9.58B,525.00M,2012-09,1.269B,154.00M,-48.00M,-48.00M,4.113B,71.00M,4.865B,300.00M,1.141B,221.00M,64.00M,52.00M,2.259B,173.00M,3.01B,11.64B,2.00M,2.673B,1.464B,8.635B,8.972B,7.171B,225.00M,821.00M,1.072B
EMN,2012-06,90.00M,3.00B,1.372B,151.00M,1.3,1.27,404.00M,8.509B,481.00M,2012-06,775.00M,179.00M,-28.00M,-28.00M,3.135B,229.00M,3.83B,317.00M,745.00M,269.00M,91.00M,43.00M,1.853B,121.00M,2.123B,8.566B,2.00M,4.63B,899.00M,6.443B,3.936B,5.544B,164.00M,580.00M,802.00M
EMN,2012-03,153.00M,649.00M,1.39B,153.00M,1.15,1.12,408.00M,8.479B,431.00M,2012-03,768.00M,158.00M,-19.00M,-19.00M,3.136B,223.00M,1.444B,264.00M,789.00M,245.00M,85.00M,41.00M,1.821B,126.00M,2.025B,6.191B,2.00M,2.264B,997.00M,4.166B,3.927B,3.169B,167.00M,579.00M,808.00M
EMN,2011-12,138.00M,777.00M,1.519B,154.00M,0.12,0.12,507.00M,8.383B,204.00M,2011-12,779.00M,12.00M,-19.00M,-19.00M,3.107B,210.00M,1.445B,19.00M,741.00M,6.00M,-7.00M,44.00M,1.723B,141.00M,1.87B,6.184B,2.00M,2.302B,1.114B,4.283B,3.882B,3.169B,185.00M,569.00M,704.00M
EMN,2011-09,-447.00M,649.00M,1.379B,155.00M,1.25,1.22,410.00M,8.303B,433.00M,2011-09,850.00M,174.00M,-20.00M,-20.00M,3.058B,241.00M,1.445B,278.00M,990.00M,254.00M,80.00M,41.00M,1.812B,114.00M,1.909B,6.183B,2.00M,2.354B,1.201B,4.274B,3.829B,3.073B,155.00M,653.00M,806.00M
EMN,2011-06,-423.00M,834.00M,1.411B,7.00M,1.55,1.51,379.00M,8.125B,474.00M,2011-06,748.00M,220.00M,-18.00M,-18.00M,2.919B,245.00M,1.446B,333.00M,975.00M,320.00M,101.00M,38.00M,1.885B,118.00M,1.907B,6.114B,1.00M,2.508B,1.192B,4.207B,3.606B,3.015B,141.00M,805.00M,884.00M
EMN,2011-03,-417.00M,840.00M,1.30B,0,1.7,1.66,378.00M,8.01B,458.00M,2011-03,675.00M,240.00M,-19.00M,-19.00M,2.886B,226.00M,1.596B,314.00M,1.048B,301.00M,100.00M,36.00M,1.758B,108.00M,1.817B,6.009B,1.00M,2.434B,1.055B,4.192B,3.575B,3.137B,144.00M,1.048B,888.00M
