Ticker,Date,Accrued Comprehensive Inc,Cash and Short Term Investments,Cost of Goods Sold,Current Debt & Capital Lease Obligation,Current Deferred Liabilities,EPS Basic,EPS Diluted,Goodwill and Intangibles,Gross PP&E,Gross Profit,Income (Quarterly),Inventories,Net Income,Net Non-Operating Interest Income Expense,Net Operating Interest Income,Net PP&E,Non-Current Deferred Liabilities,Non-Current Portion of LTD and Capital Lease Obligation,Operating Income,Payables and Accrued Expenses,Pre-Tax Income,Provision for Income Taxes,Revenue,SG&A Expense,Shareholders Equity,Total Assets,Total Capital Stock,Total Current Assets,Total Current Liabilities,Total Liabilities,Total Long Term Assets,Total Long Term Liabilities,Total Operating Expenses,Total Payables,Total Receivables
EMR,2020-12,-1.33B,2.197B,2.438B,1.869B,699.00M,0.74,0.74,11.03B,9.73B,1.723B,2020-12,2.013B,445.00M,-40.00M,-40.00M,4.227B,411.00M,6.29B,647.00M,3.211B,563.00M,111.00M,4.161B,998.00M,8.895B,23.68B,477.00M,7.681B,6.376B,14.74B,16.00B,8.363B,1.076B,1.694B,2.652B
EMR,2020-09,-1.577B,3.315B,2.676B,1.16B,0,1.209,1.2,9.202B,9.055B,1.882B,2020-09,1.928B,723.00M,-40.00M,-40.00M,3.688B,261.00M,6.699B,869.00M,4.625B,765.00M,35.00M,4.558B,946.00M,8.405B,22.88B,477.00M,8.806B,5.785B,14.44B,14.08B,8.65B,1.013B,1.715B,2.802B
EMR,2020-06,-1.699B,2.45B,2.296B,1.725B,0,0.67,0.67,9.112B,8.835B,1.618B,2020-06,2.102B,399.00M,-45.00M,-45.00M,3.565B,327.00M,5.50B,591.00M,4.26B,458.00M,51.00M,3.914B,934.00M,7.831B,21.73B,477.00M,7.879B,5.985B,13.85B,13.85B,7.867B,1.027B,1.426B,2.512B
EMR,2020-03,-1.903B,2.583B,2.412B,3.741B,0,0.85,0.84,9.018B,8.734B,1.75B,2020-03,2.058B,517.00M,-36.00M,-36.00M,3.553B,483.00M,3.96B,708.00M,4.199B,689.00M,165.00M,4.162B,983.00M,7.517B,21.71B,477.00M,8.032B,7.94B,14.15B,13.68B,6.208B,1.042B,1.521B,2.641B
EMR,2019-12,-1.576B,1.635B,2.392B,1.984B,0,0.53,0.53,9.145B,8.845B,1.759B,2019-12,2.064B,326.00M,-35.00M,-35.00M,3.633B,482.00M,4.018B,564.00M,4.356B,423.00M,94.00M,4.151B,1.136B,8.421B,21.10B,477.00M,7.196B,6.34B,12.64B,13.90B,6.302B,1.195B,1.649B,2.726B
EMR,2019-09,-1.722B,1.494B,2.843B,1.444B,0,1.173,1.16,9.151B,8.671B,2.128B,2019-09,1.88B,717.00M,-40.00M,-40.00M,3.642B,484.00M,4.277B,913.00M,4.532B,826.00M,102.00M,4.971B,1.109B,8.233B,20.50B,477.00M,7.139B,5.976B,12.22B,13.36B,6.248B,1.215B,1.874B,2.985B
EMR,2019-06,-1.016B,1.603B,2.683B,1.877B,0,0.98,0.97,9.235B,8.687B,2.001B,2019-06,2.061B,604.00M,-43.00M,-43.00M,3.614B,0,4.336B,830.00M,4.341B,767.00M,155.00M,4.684B,1.126B,8.755B,21.32B,477.00M,7.35B,6.218B,12.51B,13.97B,6.295B,1.171B,1.888B,2.901B
EMR,2019-03,-928.00M,1.384B,2.645B,2.551B,0,0.85,0.84,9.21B,8.634B,1.925B,2019-03,2.073B,520.00M,-48.00M,-48.00M,3.615B,0,3.786B,720.00M,4.163B,675.00M,150.00M,4.57B,1.145B,8.526B,21.07B,477.00M,7.152B,6.714B,12.50B,13.92B,5.785B,1.205B,1.814B,2.911B
EMR,2018-12,-1.052B,1.248B,2.386B,3.32B,0,0.74,0.74,9.182B,8.451B,1.761B,2018-12,1.98B,465.00M,-43.00M,-43.00M,3.551B,0,2.641B,627.00M,4.22B,591.00M,124.00M,4.147B,1.077B,8.236B,20.43B,477.00M,6.658B,7.54B,12.15B,13.77B,4.613B,1.134B,1.932B,2.733B
EMR,2018-09,-1.015B,1.093B,2.829B,1.623B,0,0.98,0.97,9.206B,8.37B,2.059B,2018-09,1.813B,617.00M,-46.00M,-46.00M,3.562B,0,3.137B,821.00M,4.541B,738.00M,116.00M,4.888B,1.181B,8.947B,20.39B,477.00M,6.619B,6.164B,11.40B,13.77B,5.236B,1.238B,1.943B,3.023B
EMR,2018-06,-1.092B,3.411B,2.514B,2.862B,0,1.13,1.12,7.902B,8.066B,1.942B,2018-06,1.805B,712.00M,-39.00M,-39.00M,3.26B,274.00M,3.126B,837.00M,4.092B,768.00M,49.00M,4.456B,1.058B,8.413B,20.49B,477.00M,8.576B,6.954B,12.03B,11.91B,5.073B,1.105B,1.70B,3.027B
EMR,2018-03,-827.00M,2.444B,2.431B,1.833B,0,0.76,0.76,8.024B,8.065B,1.817B,2018-03,1.897B,482.00M,-36.00M,-36.00M,3.299B,262.00M,3.357B,731.00M,4.112B,658.00M,169.00M,4.248B,1.035B,8.492B,19.78B,477.00M,7.725B,5.945B,11.25B,12.06B,5.303B,1.086B,1.75B,3.042B
EMR,2017-12,-992.00M,3.096B,2.202B,2.093B,0,0.61,0.61,7.734B,7.93B,1.614B,2017-12,1.845B,392.00M,-38.00M,-38.00M,3.279B,244.00M,3.375B,563.00M,4.099B,503.00M,109.00M,3.816B,995.00M,8.349B,19.86B,477.00M,8.152B,6.192B,11.47B,11.71B,5.278B,1.051B,1.813B,2.881B
EMR,2017-09,-1.019B,3.062B,2.604B,862.00M,0,0.7854,0.78,7.206B,7.873B,1.831B,2017-09,1.696B,504.00M,-39.00M,-39.00M,3.321B,425.00M,3.794B,793.00M,4.183B,685.00M,183.00M,4.435B,986.00M,8.718B,19.59B,477.00M,8.252B,5.045B,10.82B,11.34B,5.774B,1.038B,1.841B,3.072B
EMR,2017-06,-1.575B,3.14B,2.361B,1.363B,0,0.64,0.64,7.164B,7.921B,1.678B,2017-06,1.891B,413.00M,-39.00M,-39.00M,3.304B,426.00M,3.797B,706.00M,4.007B,621.00M,202.00M,4.039B,931.00M,7.966B,19.40B,477.00M,8.554B,5.37B,11.38B,10.85B,6.01B,972.00M,1.832B,2.926B
EMR,2017-03,-1.69B,5.039B,2.017B,252.00M,0,0.45,0.45,4.76B,7.405B,1.557B,2017-03,1.331B,292.00M,-41.00M,-41.00M,2.88B,182.00M,3.816B,668.00M,3.519B,565.00M,181.00M,3.574B,868.00M,8.006B,17.28B,477.00M,9.446B,3.771B,9.22B,7.831B,5.449B,889.00M,1.567B,2.479B
EMR,2016-12,-2.03B,4.151B,1.851B,254.00M,0,0.48,0.48,4.74B,7.293B,1.365B,2016-12,1.278B,309.00M,-46.00M,-46.00M,2.861B,213.00M,3.815B,521.00M,3.603B,464.00M,94.00M,3.216B,822.00M,7.713B,17.47B,477.00M,8.877B,4.146B,9.717B,8.594B,5.571B,844.00M,1.731B,2.426B
EMR,2016-09,-1.999B,3.182B,2.219B,2.584B,0,0.6814,0.68,4.811B,7.327B,1.713B,2016-09,1.208B,438.00M,-49.00M,-49.00M,2.931B,210.00M,4.051B,840.00M,3.823B,674.00M,188.00M,3.932B,855.00M,7.568B,21.73B,477.00M,9.96B,8.008B,14.11B,11.77B,6.106B,873.00M,1.697B,2.701B
EMR,2016-06,-1.564B,3.516B,2.081B,3.22B,0,0.74,0.74,8.078B,9.115B,1.593B,2016-06,1.949B,479.00M,-46.00M,-46.00M,3.521B,461.00M,4.062B,719.00M,5.106B,656.00M,205.00M,3.674B,852.00M,7.901B,22.08B,477.00M,10.22B,8.326B,14.13B,11.86B,5.801B,874.00M,2.309B,4.014B
EMR,2016-03,-1.582B,3.322B,2.037B,3.232B,0,0.57,0.57,8.079B,9.034B,1.542B,2016-03,1.95B,369.00M,-46.00M,-46.00M,3.523B,453.00M,4.062B,642.00M,4.95B,552.00M,177.00M,3.579B,878.00M,7.692B,21.76B,477.00M,9.913B,8.182B,14.02B,11.85B,5.839B,900.00M,2.228B,3.874B
EMR,2015-12,-1.738B,3.109B,1.923B,3.409B,0,0.54,0.53,8.068B,8.905B,1.414B,2015-12,1.903B,349.00M,-47.00M,-47.00M,3.52B,453.00M,4.043B,513.00M,4.793B,434.00M,127.00M,3.337B,879.00M,7.456B,21.55B,477.00M,9.694B,8.202B,14.06B,11.86B,5.853B,901.00M,2.177B,3.842B
EMR,2015-09,-1.617B,3.054B,-569.00M,2.552B,0,0.9899,0.98,4.785B,7.105B,328.00M,2015-09,1.265B,648.00M,-49.00M,-49.00M,2.929B,270.00M,4.289B,747.00M,3.682B,642.00M,184.00M,-241.00M,-264.00M,8.081B,22.09B,477.00M,10.05B,7.80B,13.96B,12.04B,6.16B,-419.00M,1.624B,2.87B
EMR,2015-06,-1.056B,3.393B,3.269B,3.179B,0,0.84,0.84,8.505B,9.052B,2.234B,2015-06,2.144B,564.00M,-40.00M,-40.00M,3.61B,637.00M,4.29B,870.00M,5.133B,796.00M,222.00M,5.503B,1.276B,8.749B,23.46B,477.00M,10.64B,8.312B,14.66B,12.82B,6.353B,1.364B,2.455B,4.272B
EMR,2015-03,-1.273B,3.256B,3.234B,3.358B,0,1.42,1.42,8.36B,8.911B,2.166B,2015-03,2.107B,973.00M,-40.00M,-40.00M,3.57B,543.00M,3.272B,751.00M,5.412B,1.604B,625.00M,5.40B,1.318B,8.918B,22.97B,477.00M,10.34B,8.77B,14.00B,12.62B,5.23B,1.415B,2.817B,4.299B
EMR,2014-12,-875.00M,3.122B,3.307B,3.484B,0,0.76,0.75,8.589B,8.986B,2.28B,2014-12,2.121B,525.00M,-46.00M,-46.00M,3.631B,555.00M,3.289B,811.00M,5.393B,765.00M,236.00M,5.587B,1.405B,9.513B,23.72B,477.00M,10.48B,8.877B,14.17B,13.24B,5.291B,1.469B,2.753B,4.404B
EMR,2014-09,-575.00M,3.149B,-490.00M,2.465B,0,0.5886,0.58,8.871B,9.411B,493.00M,2014-09,2.057B,410.00M,-49.00M,-49.00M,3.802B,572.00M,3.559B,711.00M,5.989B,659.00M,190.00M,3.00M,-98.00M,10.12B,24.18B,477.00M,10.87B,8.454B,14.01B,13.31B,5.556B,-218.00M,3.113B,5.019B
EMR,2014-06,-52.00M,3.049B,3.674B,2.975B,0,1.03,1.03,9.685B,9.413B,2.638B,2014-06,2.253B,728.00M,-46.00M,-46.00M,3.737B,747.00M,3.565B,1.148B,5.558B,1.072B,334.00M,6.312B,1.424B,10.82B,25.12B,477.00M,10.81B,8.533B,14.24B,14.30B,5.709B,1.49B,2.822B,4.772B
EMR,2014-03,-128.00M,2.724B,3.417B,2.661B,0,0.78,0.77,9.685B,9.304B,2.395B,2014-03,2.233B,547.00M,-47.00M,-47.00M,3.692B,774.00M,3.836B,922.00M,5.171B,817.00M,263.00M,5.812B,1.394B,10.48B,24.35B,477.00M,10.20B,7.832B,13.82B,14.14B,5.989B,1.473B,2.588B,4.563B
EMR,2013-12,-146.00M,2.737B,3.37B,1.958B,0,0.65,0.65,9.71B,9.194B,2.236B,2013-12,2.162B,462.00M,-54.00M,-54.00M,3.639B,922.00M,3.834B,722.00M,5.15B,643.00M,166.00M,5.606B,1.444B,10.74B,24.12B,477.00M,9.999B,7.108B,13.24B,14.12B,6.133B,1.514B,2.624B,4.429B
EMR,2013-09,-189.00M,3.275B,4.008B,1.587B,0,1.125,1.1,9.181B,9.092B,2.804B,2013-09,1.895B,795.00M,-56.00M,-56.00M,3.605B,823.00M,4.055B,1.305B,6.038B,1.181B,373.00M,6.812B,1.432B,10.58B,24.71B,477.00M,11.00B,7.625B,13.99B,13.71B,6.368B,1.499B,2.854B,4.808B
EMR,2013-06,-745.00M,2.81B,3.776B,1.486B,0,0.27,0.27,9.212B,9.117B,2.568B,2013-06,2.304B,194.00M,-51.00M,-51.00M,3.475B,591.00M,4.059B,1.086B,5.464B,511.00M,297.00M,6.344B,1.396B,10.12B,23.51B,477.00M,10.51B,6.95B,13.25B,13.01B,6.299B,1.482B,2.681B,4.725B
EMR,2013-03,-708.00M,2.615B,3.587B,1.485B,0,0.77,0.77,9.741B,9.083B,2.373B,2013-03,2.327B,561.00M,-57.00M,-57.00M,3.481B,629.00M,4.059B,877.00M,5.159B,831.00M,253.00M,5.96B,1.426B,10.53B,23.72B,477.00M,10.19B,6.644B,13.05B,13.54B,6.406B,1.496B,2.508B,4.559B
EMR,2012-12,-617.00M,2.527B,3.346B,1.912B,0,0.63,0.62,9.866B,9.027B,2.207B,2012-12,2.308B,454.00M,-54.00M,-54.00M,3.503B,641.00M,3.542B,738.00M,5.291B,673.00M,207.00M,5.553B,1.394B,10.48B,23.77B,477.00M,10.09B,7.203B,13.15B,13.68B,5.95B,1.469B,2.643B,4.556B
EMR,2012-09,-731.00M,2.367B,3.951B,1.506B,0,0.39,0.39,9.864B,8.934B,2.749B,2012-09,2.125B,282.00M,-57.00M,-57.00M,3.509B,592.00M,3.787B,1.275B,5.627B,593.00M,293.00M,6.70B,1.385B,10.30B,23.82B,477.00M,10.13B,7.133B,13.38B,13.69B,6.243B,1.474B,2.895B,4.983B
EMR,2012-06,-767.00M,2.292B,3.856B,2.06B,0,1.05,1.04,10.60B,8.821B,2.628B,2012-06,2.367B,770.00M,-51.00M,-51.00M,3.418B,735.00M,3.789B,1.188B,5.336B,1.155B,368.00M,6.484B,1.338B,10.52B,24.33B,477.00M,10.00B,7.396B,13.66B,14.32B,6.265B,1.44B,2.775B,4.601B
EMR,2012-03,-496.00M,2.153B,3.583B,1.828B,0,0.74,0.74,10.80B,8.831B,2.336B,2012-03,2.402B,545.00M,-58.00M,-58.00M,3.449B,361.00M,4.018B,889.00M,5.097B,814.00M,258.00M,5.919B,1.359B,10.51B,24.13B,477.00M,9.544B,6.925B,13.48B,14.59B,6.554B,1.447B,2.597B,4.319B
EMR,2011-12,-629.00M,2.076B,3.254B,1.578B,0,0.5,0.5,10.62B,8.746B,2.055B,2011-12,2.317B,371.00M,-58.00M,-58.00M,3.415B,784.00M,4.041B,620.00M,4.956B,553.00M,172.00M,5.309B,1.354B,10.19B,23.44B,477.00M,9.075B,6.534B,13.11B,14.37B,6.577B,1.435B,2.472B,4.04B
EMR,2011-09,-562.00M,2.052B,3.955B,877.00M,0,1.01,1.01,10.74B,8.731B,2.59B,2011-09,2.10B,761.00M,-49.00M,-49.00M,3.437B,0,4.324B,909.00M,5.588B,1.093B,345.00M,6.545B,1.339B,10.40B,23.86B,477.00M,9.345B,6.465B,13.31B,14.52B,6.845B,1.681B,2.816B,4.502B
EMR,2011-06,-74.00M,1.781B,3.79B,862.00M,0,0.91,0.9,11.05B,8.738B,2.498B,2011-06,2.422B,683.00M,-56.00M,-56.00M,3.382B,0,4.353B,1.135B,5.446B,992.00M,294.00M,6.288B,1.363B,10.84B,24.10B,477.00M,9.283B,6.308B,13.10B,14.82B,6.797B,1.363B,2.789B,4.443B
EMR,2011-03,-150.00M,1.593B,3.548B,771.00M,0,0.74,0.73,11.05B,8.583B,2.306B,2011-03,2.324B,556.00M,-57.00M,-57.00M,3.303B,0,4.353B,991.00M,5.163B,833.00M,266.00M,5.854B,1.315B,10.64B,23.54B,477.00M,8.798B,5.934B,12.73B,14.74B,6.796B,1.315B,2.581B,4.231B
