Ticker,Date,Accrued Comprehensive Inc,Cash and Short Term Investments,Cost of Goods Sold,Current Debt & Capital Lease Obligation,Current Deferred Liabilities,EPS Basic,EPS Diluted,Goodwill and Intangibles,Gross PP&E,Gross Profit,Income (Quarterly),Inventories,Net Income,Net Non-Operating Interest Income Expense,Net Operating Interest Income,Net PP&E,Non-Current Deferred Liabilities,Non-Current Portion of LTD and Capital Lease Obligation,Operating Income,Payables and Accrued Expenses,Pre-Tax Income,Provision for Income Taxes,Research and Development Expense,Revenue,SG&A Expense,Shareholders Equity,Total Assets,Total Capital Stock,Total Current Assets,Total Current Liabilities,Total Liabilities,Total Long Term Assets,Total Long Term Liabilities,Total Operating Expenses,Total Payables,Total Receivables
ENPH,2020-12,0.434M,679.38M,142.90M,330.51M,47.66M,0.57,0.5,53.59M,122.37M,121.94M,2020-12,41.76M,72.99M,-5.228M,-5.228M,60.67M,125.47M,4.898M,79.11M,144.61M,71.35M,-1.639M,15.80M,264.84M,27.02M,483.99M,1.200B,0.001M,933.06M,534.04M,716.11M,267.04M,182.07M,42.82M,72.61M,182.16M
ENPH,2020-09,-0.356M,661.79M,83.52M,107.92M,41.74M,0.31,0.28,51.62M,49.67M,94.98M,2020-09,37.54M,39.36M,-5.883M,-5.883M,49.67M,115.76M,256.45M,51.76M,96.11M,44.84M,5.483M,15.05M,178.50M,28.17M,416.21M,1.092B,0.001M,850.23M,256.52M,676.13M,242.11M,419.62M,43.22M,48.15M,122.39M
ENPH,2020-06,-1.153M,607.25M,77.15M,105.84M,40.26M,-0.38,-0.38,52.87M,44.43M,48.39M,2020-06,31.19M,-47.29M,-5.67M,-5.67M,44.43M,110.98M,253.17M,10.85M,67.26M,-53.86M,-6.561M,13.19M,125.54M,24.34M,370.18M,997.93M,0.001M,757.20M,223.52M,627.75M,240.73M,404.23M,37.53M,24.14M,89.50M
ENPH,2020-03,-1.091M,549.14M,124.87M,104.08M,39.02M,0.56,0.5,54.12M,42.49M,80.68M,2020-03,34.62M,68.94M,-2.064M,-2.064M,42.49M,106.20M,295.22M,44.71M,80.84M,57.07M,-11.87M,11.88M,205.54M,24.09M,316.21M,1.031B,0.001M,751.70M,233.62M,714.58M,279.09M,480.96M,35.96M,34.54M,95.48M
ENPH,2019-12,-0.923M,251.41M,132.15M,6.054M,81.78M,0.95,0.88,55.36M,91.15M,77.88M,2019-12,32.06M,116.67M,-1.488M,-1.488M,39.05M,100.20M,102.66M,45.57M,101.40M,44.42M,-72.24M,11.17M,210.03M,21.14M,272.21M,713.22M,0.001M,499.66M,199.31M,441.01M,213.57M,241.70M,32.31M,57.47M,145.41M
ENPH,2019-09,0.569M,203.05M,115.35M,6.151M,34.30M,0.25,0.23,56.54M,34.94M,64.71M,2019-09,30.23M,31.10M,-1.392M,-1.392M,34.94M,85.75M,100.98M,34.18M,97.62M,31.37M,0.272M,11.08M,180.06M,19.45M,152.29M,523.67M,0.001M,391.52M,146.82M,371.38M,132.15M,224.56M,30.53M,60.69M,133.69M
ENPH,2019-06,0.414M,205.96M,88.78M,3.043M,33.58M,0.09,0.08,57.73M,33.84M,45.32M,2019-06,20.09M,10.62M,-0.758M,-0.758M,33.84M,82.29M,99.89M,18.08M,99.52M,11.21M,0.591M,9.604M,134.09M,17.64M,117.27M,481.52M,0.001M,349.85M,143.61M,364.25M,131.67M,220.63M,27.24M,65.99M,97.54M
ENPH,2019-03,0.663M,78.09M,66.81M,2.985M,32.92M,0.03,0.02,58.91M,28.14M,33.34M,2019-03,12.97M,2.765M,-3.54M,-3.54M,28.14M,78.39M,65.41M,7.502M,84.92M,3.113M,0.348M,8.524M,100.15M,17.31M,14.12M,319.25M,0.001M,195.44M,128.75M,305.13M,123.81M,176.38M,25.84M,52.49M,81.72M
ENPH,2018-12,0.742M,106.24M,64.12M,28.16M,33.12M,0.01,0.01,60.09M,72.90M,28.16M,2018-12,16.27M,0.709M,-2.604M,-2.604M,21.00M,76.91M,81.63M,6.544M,77.80M,1.286M,0.577M,7.34M,92.29M,14.28M,7.776M,339.94M,0.001M,222.30M,147.16M,332.16M,117.64M,185.00M,21.62M,48.79M,78.94M
ENPH,2018-09,-0.007M,116.16M,52.74M,24.12M,32.02M,-0.03,-0.03,60.86M,0,25.26M,2018-09,17.89M,-3.47M,-2.469M,-2.469M,20.33M,74.06M,87.91M,2.214M,69.66M,-3.222M,0.248M,8.165M,78.00M,14.88M,4.156M,326.51M,0.001M,209.80M,134.92M,322.35M,116.71M,187.43M,23.05M,28.10M,54.12M
ENPH,2018-06,-0.353M,58.47M,53.20M,18.43M,34.95M,-0.04,-0.04,4.027M,70.92M,22.70M,2018-06,17.47M,-3.738M,-2.269M,-2.269M,23.10M,75.11M,33.56M,-0.558M,52.99M,-3.399M,0.339M,9.462M,75.90M,13.80M,-30.12M,218.54M,0.001M,155.38M,114.65M,248.65M,63.16M,134.00M,23.26M,21.90M,58.70M
ENPH,2018-03,-0.368M,53.26M,51.66M,14.27M,37.41M,-0.06,-0.06,4.103M,71.11M,18.32M,2018-03,18.54M,-5.128M,-2.292M,-2.292M,24.93M,78.26M,36.46M,-2.475M,44.31M,-4.893M,0.235M,7.62M,69.97M,13.17M,-31.15M,212.12M,0.001M,147.85M,103.68M,243.27M,64.26M,139.58M,20.79M,14.09M,55.62M
ENPH,2017-12,-0.656M,29.14M,60.68M,17.43M,15.69M,-0.03,-0.03,4.179M,0,18.99M,2017-12,26.00M,-2.94M,-1.957M,-1.957M,26.48M,29.94M,32.32M,-0.142M,51.19M,-3.887M,-0.947M,8.208M,79.67M,10.92M,-9.126M,169.15M,0.001M,130.45M,91.74M,178.27M,38.70M,86.53M,19.13M,28.75M,65.35M
ENPH,2017-09,-0.465M,28.88M,60.58M,10.55M,9.014M,-0.08,-0.08,4.255M,0,16.46M,2017-09,25.32M,-6.854M,-1.76M,-1.76M,28.19M,36.33M,37.06M,-1.83M,58.77M,-7.038M,-0.184M,7.397M,77.04M,10.89M,-7.802M,177.08M,0.001M,136.32M,85.49M,184.88M,40.76M,99.39M,18.29M,34.62M,68.87M
ENPH,2017-06,-0.169M,30.95M,61.16M,5.951M,8.142M,-0.14,-0.14,4.331M,0,13.55M,2017-06,20.84M,-12.09M,-2.08M,-2.08M,29.35M,35.78M,41.38M,-5.638M,41.22M,-11.24M,0.854M,7.947M,74.70M,11.24M,-2.384M,163.68M,0.001M,121.50M,63.34M,166.06M,42.18M,102.72M,19.18M,15.42M,56.40M
ENPH,2017-03,-0.631M,29.96M,47.70M,1.497M,7.20M,-0.3,-0.3,4.47M,0,7.048M,2017-03,33.81M,-23.30M,-2.139M,-2.139M,30.90M,34.50M,45.38M,-14.85M,37.56M,-23.17M,0.131M,9.605M,54.75M,12.29M,7.471M,167.51M,0.001M,122.80M,54.63M,160.04M,44.71M,105.41M,21.90M,15.86M,48.90M
ENPH,2016-12,-0.292M,17.76M,74.37M,13.13M,6.411M,-0.21,-0.21,4.609M,0,16.23M,2016-12,31.96M,-13.19M,-1.175M,-1.175M,31.44M,33.89M,20.77M,-9.033M,54.63M,-12.44M,0.751M,11.38M,90.60M,13.89M,1.30M,163.58M,0.001M,117.86M,82.77M,162.28M,45.71M,79.50M,25.27M,31.70M,61.02M
ENPH,2016-09,-0.254M,24.11M,72.80M,13.65M,5.942M,-0.4,-0.4,5.414M,0,15.88M,2016-09,39.10M,-18.76M,-1.234M,-1.234M,32.45M,31.83M,22.81M,-15.01M,59.22M,-18.61M,0.144M,13.17M,88.68M,17.72M,10.23M,176.43M,0.001M,129.88M,85.57M,166.20M,46.55M,80.63M,30.89M,32.55M,59.48M
ENPH,2016-06,-0.20M,8.243M,65.05M,12.45M,5.844M,-0.36,-0.36,5.597M,0,14.14M,2016-06,39.30M,-16.72M,-0.212M,-0.212M,34.59M,29.74M,0,-15.79M,59.60M,-16.38M,0.344M,13.09M,79.18M,16.83M,12.46M,152.51M,0,104.44M,84.62M,140.05M,48.07M,55.44M,29.92M,37.61M,48.97M
ENPH,2016-03,-0.404M,13.02M,52.36M,20.00M,5.575M,-0.41,-0.41,5.781M,0,11.76M,2016-03,45.58M,-18.80M,-0.152M,-0.152M,32.96M,27.72M,0,-19.09M,47.72M,-18.56M,0.236M,13.07M,64.12M,17.78M,25.56M,158.52M,0,112.88M,79.95M,132.96M,45.64M,53.01M,30.85M,24.29M,47.06M
ENPH,2015-12,-0.21M,28.45M,49.93M,17.00M,3.915M,-0.35,-0.35,5.965M,63.63M,15.70M,2015-12,40.80M,-15.78M,-0.196M,-0.196M,32.12M,25.12M,2.973M,-15.17M,44.86M,-15.11M,0.675M,12.54M,65.63M,18.33M,41.45M,165.53M,0,121.77M,72.85M,124.08M,43.76M,51.23M,30.87M,25.57M,46.10M
ENPH,2015-09,-0.211M,22.49M,71.41M,17.00M,3.834M,0.01,0.01,5.234M,54.60M,31.47M,2015-09,36.72M,0.624M,-0.14M,-0.14M,31.24M,22.70M,3.726M,1.779M,51.69M,0.935M,0.311M,12.06M,102.87M,17.63M,52.97M,182.96M,0,141.61M,79.14M,130.00M,41.35M,50.86M,29.69M,32.71M,75.32M
ENPH,2015-06,-0.40M,31.89M,69.07M,17.00M,3.943M,-0.01,-0.01,5.341M,41.46M,33.03M,2015-06,34.05M,-0.603M,-0.087M,-0.087M,31.63M,20.46M,4.457M,-0.369M,55.49M,-0.377M,0.226M,12.79M,102.09M,20.61M,48.75M,181.30M,0,141.33M,83.69M,132.55M,39.97M,48.86M,33.40M,34.47M,67.32M
ENPH,2015-03,-0.395M,27.13M,58.63M,2.888M,3.558M,-0.14,-0.14,5.449M,0,28.02M,2015-03,34.75M,-6.32M,-0.078M,-0.078M,31.20M,18.22M,5.17M,-5.548M,51.18M,-6.153M,0.167M,13.43M,86.65M,20.14M,43.98M,153.49M,0,114.83M,62.29M,109.51M,38.66M,47.22M,33.57M,30.95M,45.87M
ENPH,2014-12,-0.079M,42.03M,70.17M,2.805M,2.747M,0.01,0.01,5.556M,0,35.04M,2014-12,21.59M,0.402M,-0.572M,-0.572M,30.82M,16.61M,5.861M,1.951M,48.35M,0.817M,0.415M,13.04M,105.21M,20.04M,46.95M,152.19M,0,114.90M,58.71M,105.24M,37.30M,46.53M,33.08M,22.32M,45.12M
ENPH,2014-09,-0.056M,44.54M,66.59M,3.37M,2.418M,0.02,0.02,0.286M,0,32.52M,2014-09,15.49M,0.813M,-0.356M,-0.356M,28.82M,15.34M,0,1.893M,44.90M,0.94M,0.127M,12.11M,99.11M,18.52M,42.46M,144.72M,0,114.49M,57.95M,102.26M,30.24M,44.31M,30.63M,21.99M,49.27M
ENPH,2014-06,0.236M,37.62M,55.17M,3.507M,2.182M,-0.07,-0.07,0,0,26.83M,2014-06,15.72M,-3.031M,-0.486M,-0.486M,25.13M,13.40M,0,-2.488M,38.49M,-2.916M,0.115M,11.15M,82.00M,18.17M,37.15M,132.08M,0,105.47M,51.96M,94.93M,26.61M,42.97M,29.32M,19.51M,46.54M
ENPH,2014-03,0.23M,39.94M,38.92M,3.432M,1.90M,-0.15,-0.15,0,0,18.66M,2014-03,14.11M,-6.236M,-0.449M,-0.449M,24.81M,12.06M,0,-5.785M,22.93M,-6.127M,0.109M,9.086M,57.58M,15.35M,36.44M,113.16M,0,86.78M,34.10M,76.72M,26.38M,42.63M,24.44M,9.353M,28.45M
ENPH,2013-12,0.229M,38.19M,45.56M,0,2.773M,-0.07,-0.07,0,0,21.50M,2013-12,16.58M,-2.81M,-0.67M,-0.67M,24.85M,11.28M,0,-1.611M,22.14M,-2.394M,0.416M,8.721M,67.06M,14.39M,40.21M,116.67M,0,90.51M,33.36M,76.46M,26.16M,43.10M,23.11M,7.363M,32.08M
ENPH,2013-09,0.197M,31.78M,44.61M,0,2.98M,-0.15,-0.15,0,0,17.44M,2013-09,24.39M,-6.301M,-0.437M,-0.437M,24.82M,10.32M,0,-5.345M,36.01M,-6.16M,0.141M,8.293M,62.05M,14.49M,40.33M,120.31M,0,94.07M,42.42M,79.98M,26.24M,37.55M,22.78M,15.10M,34.74M
ENPH,2013-06,0.093M,33.98M,41.88M,3.365M,1.258M,-0.15,-0.15,0,36.02M,16.28M,2013-06,17.91M,-6.396M,-0.484M,-0.484M,25.14M,9.303M,6.531M,-5.491M,29.36M,-6.272M,0.124M,8.484M,58.17M,13.29M,44.35M,113.35M,0,86.69M,33.98M,69.00M,26.65M,35.02M,21.78M,10.01M,32.10M
ENPH,2013-03,-0.126M,36.43M,33.38M,2.44M,1.068M,-0.25,-0.25,0,24.14M,12.20M,2013-03,22.31M,-10.41M,-0.464M,-0.464M,25.28M,8.378M,8.046M,-9.711M,27.58M,-10.22M,0.182M,9.026M,45.58M,12.89M,48.11M,113.06M,0,86.14M,31.09M,64.96M,26.92M,33.87M,21.91M,9.057M,24.91M
ENPH,2012-12,0.052M,45.29M,41.51M,2.384M,0.933M,-0.19,-0.19,0,19.89M,16.06M,2012-12,19.84M,-7.742M,-1.025M,-1.025M,25.54M,7.537M,8.677M,-6.179M,30.54M,-7.437M,0.305M,8.533M,57.57M,13.70M,56.66M,122.29M,0,95.00M,33.86M,65.64M,27.29M,31.78M,22.24M,11.27M,27.74M
ENPH,2012-09,-0.002M,41.72M,44.49M,6.844M,0.769M,-0.22,-0.22,0,15.87M,16.32M,2012-09,16.65M,-8.907M,-0.527M,-0.527M,24.93M,6.151M,5.103M,-8.197M,30.53M,-8.777M,0.13M,10.57M,60.81M,13.95M,62.53M,124.10M,0,98.13M,38.14M,61.57M,25.97M,23.43M,24.52M,15.20M,32.73M
ENPH,2012-06,0.10M,66.97M,42.10M,6.488M,0.615M,-0.29,-0.29,0,12.32M,13.60M,2012-06,30.97M,-11.38M,-3.405M,-3.405M,24.65M,5.067M,6.839M,-7.505M,38.06M,-11.23M,0.151M,8.655M,55.70M,12.45M,70.08M,136.49M,0,110.48M,45.17M,66.41M,26.01M,21.24M,21.11M,25.55M,9.961M
ENPH,2012-03,0.111M,31.90M,33.29M,5.437M,16.59M,-5.97,-5.97,0,0,9.307M,2012-03,25.66M,-10.18M,-1.479M,-1.479M,22.74M,4.305M,28.44M,-9.28M,35.36M,-10.12M,0.065M,7.842M,42.60M,10.74M,4.548M,103.38M,93.60M,73.32M,58.16M,98.83M,30.06M,40.67M,18.59M,24.80M,13.45M
ENPH,2011-12,0.083M,51.52M,44.06M,4.529M,23.41M,-0.1409,-0.1409,0,0,13.07M,2011-12,11.23M,-5.537M,-1.384M,-1.384M,18.41M,3.67M,29.35M,-3.83M,23.03M,-5.537M,0,7.18M,57.13M,9.721M,13.97M,106.24M,93.60M,81.79M,52.37M,92.27M,24.46M,39.90M,16.90M,12.93M,17.77M
ENPH,2011-09,-0.094M,26.52M,36.18M,3.53M,0.343M,-4.77,-4.77,0,0,8.543M,2011-09,10.26M,-7.176M,-0.886M,-0.886M,15.17M,2.947M,22.79M,-6.435M,23.26M,-7.176M,0,6.431M,44.73M,8.547M,15.58M,74.38M,93.60M,55.42M,28.49M,58.80M,18.96M,30.31M,14.98M,14.95M,17.57M
ENPH,2011-06,0.01M,35.57M,24.78M,2.829M,0.314M,-9.95,-9.95,0,0,4.807M,2011-06,6.189M,-10.29M,-0.46M,-0.46M,11.95M,2.118M,20.32M,-9.49M,19.38M,-10.29M,0,6.143M,29.59M,8.154M,22.97M,72.62M,93.60M,57.91M,23.98M,49.65M,14.71M,25.66M,14.30M,14.33M,15.63M
ENPH,2011-03,0,30.52M,15.42M,2.484M,0.558M,-10.95,-10.95,0,0,2.648M,2011-03,5.818M,-9.289M,-0.276M,-0.276M,9.066M,1.341M,6.097M,-8.957M,10.59M,-9.289M,0,5.345M,18.07M,6.26M,29.58M,54.83M,93.60M,44.99M,14.59M,25.26M,9.847M,10.67M,11.60M,6.693M,7.84M
