Ticker,Date,Accrued Comprehensive Inc,Cash and Short Term Investments,Cost of Goods Sold,Current Debt & Capital Lease Obligation,EPS Basic,EPS Diluted,Goodwill and Intangibles,Gross PP&E,Gross Profit,Income (Quarterly),Inventories,Net Income,Net Non-Operating Interest Income Expense,Net Operating Interest Income,Net PP&E,Non-Current Portion of LTD and Capital Lease Obligation,Operating Income,Payables and Accrued Expenses,Pre-Tax Income,Provision for Income Taxes,Revenue,SG&A Expense,Shareholders Equity,Total Assets,Total Capital Stock,Total Current Assets,Total Current Liabilities,Total Liabilities,Total Long Term Assets,Total Long Term Liabilities,Total Operating Expenses,Total Payables,Total Receivables
EQR,2020-12,-43.67M,42.59M,223.50M,414.83M,0.68,0.68,0,499.29M,389.94M,2020-12,0,252.86M,-117.48M,-117.48M,499.29M,7.959B,177.02M,405.52M,263.33M,0.35M,613.44M,11.09M,10.53B,20.29B,41.00M,99.73M,820.35M,9.523B,20.19B,8.703B,212.92M,339.63M,0
EQR,2020-09,-61.48M,178.33M,228.53M,612.65M,0.24,0.24,0,502.18M,393.90M,2020-09,0,91.29M,-82.44M,-82.44M,502.18M,8.726B,182.44M,456.52M,95.63M,0.262M,622.43M,10.86M,10.52B,20.62B,41.00M,235.21M,456.52M,9.870B,20.39B,9.413B,211.46M,390.85M,0
EQR,2020-06,-67.36M,187.42M,223.10M,1.018B,0.7,0.7,0,505.08M,430.43M,2020-06,0,260.89M,-82.48M,-82.48M,505.08M,8.752B,212.62M,409.57M,271.67M,0.187M,653.53M,11.84M,10.60B,20.71B,41.00M,245.53M,409.57M,9.877B,20.47B,9.468B,217.81M,341.98M,0
EQR,2020-03,-72.90M,82.34M,241.26M,354.38M,0.83,0.83,0,507.96M,441.07M,2020-03,0,308.61M,-85.70M,-85.70M,507.96M,8.351B,214.13M,463.81M,332.72M,0.053M,682.33M,14.52M,10.53B,20.92B,41.00M,140.77M,1.076B,10.15B,20.78B,9.072B,226.94M,397.88M,0
EQR,2019-12,-77.56M,45.75M,226.69M,0,0.78,0.77,0,512.77M,457.20M,2019-12,0,289.76M,-102.69M,-102.69M,512.77M,8.350B,230.69M,379.53M,298.28M,-3.03M,683.90M,11.63M,10.32B,21.17B,41.00M,117.00M,1.397B,10.63B,21.06B,9.231B,226.51M,312.68M,0
EQR,2019-09,-84.09M,28.78M,224.45M,344.84M,0.72,0.71,0,481.04M,460.67M,2019-09,0,267.11M,-88.16M,-88.16M,481.04M,8.971B,237.77M,443.56M,278.11M,0.265M,685.12M,11.42M,10.18B,21.05B,40.99M,84.60M,797.94M,10.65B,20.97B,9.849B,222.90M,369.82M,0
EQR,2019-06,-89.85M,251.27M,224.28M,499.18M,0.83,0.83,0,431.75M,445.10M,2019-06,0,308.97M,-111.40M,-111.40M,431.75M,9.412B,230.26M,391.43M,321.54M,0.246M,669.37M,14.33M,10.15B,20.99B,40.99M,309.47M,391.43M,10.61B,20.68B,10.22B,214.84M,327.27M,0
EQR,2019-03,-75.01M,29.39M,232.91M,499.37M,0.28,0.28,0,434.68M,429.59M,2019-03,0,104.54M,-96.49M,-96.49M,434.68M,8.890B,209.99M,445.33M,109.50M,0.238M,662.49M,15.38M,10.05B,20.77B,40.98M,93.51M,790.17M,10.50B,20.68B,9.712B,219.60M,371.30M,0
EQR,2018-12,-64.99M,47.44M,219.19M,0,0.32,0.31,0,0,432.80M,2018-12,0,117.19M,-92.95M,-92.95M,0,8.319B,218.55M,371.69M,122.50M,0.111M,651.99M,12.39M,10.17B,20.39B,40.97M,116.31M,870.88M,9.995B,20.28B,9.124B,214.25M,309.07M,0
EQR,2018-09,-50.69M,33.00M,220.18M,0,0.58,0.58,0,0,432.69M,2018-09,0,214.94M,-106.63M,-106.63M,0,8.324B,225.43M,458.48M,224.13M,0.28M,652.87M,12.64M,10.24B,20.54B,40.96M,88.75M,957.84M,10.08B,20.45B,9.117B,207.26M,389.34M,0
EQR,2018-06,-67.31M,34.51M,216.71M,345.81M,0.31,0.31,0,0,423.10M,2018-06,0,113.60M,-95.11M,-95.11M,0,8.427B,217.65M,416.58M,118.68M,0.274M,639.81M,12.50M,10.21B,20.41B,40.96M,88.88M,762.39M,9.967B,20.32B,9.204B,205.44M,353.24M,0
EQR,2018-03,-77.73M,44.45M,223.56M,234.32M,0.57,0.57,0,0,409.46M,2018-03,0,211.81M,-113.90M,-113.90M,0,8.425B,196.87M,444.03M,220.76M,0.213M,633.02M,16.28M,10.29B,20.38B,40.96M,94.71M,678.35M,9.859B,20.29B,9.180B,212.59M,374.28M,0
EQR,2017-12,-88.61M,50.65M,201.60M,299.76M,0.34,0.34,0,0,429.10M,2017-12,0,125.44M,-96.96M,-96.96M,0,8.658B,216.46M,365.63M,129.85M,-0.232M,630.70M,11.86M,10.24B,20.57B,40.96M,100.76M,665.39M,10.10B,20.47B,9.431B,212.64M,307.59M,0
EQR,2017-09,-94.67M,46.56M,209.67M,229.84M,0.37,0.37,0,0,414.45M,2017-09,0,138.23M,-89.26M,-89.26M,0,8.762B,217.79M,433.36M,144.42M,0.228M,624.12M,12.57M,10.26B,20.70B,40.96M,94.18M,663.21M,10.20B,20.60B,9.541B,196.67M,360.55M,0
EQR,2017-06,-101.15M,37.72M,208.41M,764.36M,0.53,0.53,0,0,404.07M,2017-06,0,196.04M,-92.15M,-92.15M,0,8.200B,210.55M,378.46M,204.38M,0.22M,612.48M,13.63M,10.29B,20.64B,40.95M,313.11M,1.143B,10.11B,20.32B,8.968B,193.52M,329.64M,0
EQR,2017-03,-109.33M,42.14M,206.59M,314.69M,0.39,0.39,0,0,397.51M,2017-03,0,143.74M,-107.90M,-107.90M,0,8.615B,204.37M,431.66M,150.20M,0.262M,604.10M,14.17M,10.28B,20.61B,40.95M,186.22M,746.35M,10.09B,20.42B,9.347B,193.14M,357.28M,0
EQR,2016-12,-113.91M,77.21M,193.58M,20.00M,0.76,0.75,0,0,411.91M,2016-12,0,277.25M,-97.88M,-97.88M,0,8.967B,224.07M,400.72M,302.41M,0.424M,605.49M,10.43M,10.23B,20.70B,40.94M,219.09M,420.72M,10.24B,20.49B,9.822B,187.84M,339.78M,0
EQR,2016-09,-118.73M,517.59M,205.08M,0,0.57,0.56,0,0,401.00M,2016-09,0,208.32M,-83.10M,-83.10M,0,8.499B,209.37M,1.601B,217.67M,0.426M,606.07M,12.40M,10.12B,21.30B,40.94M,710.15M,1.601B,10.96B,20.59B,9.358B,191.62M,1.531B,0
EQR,2016-06,-123.51M,497.84M,194.71M,0,0.6,0.59,0,0,400.44M,2016-06,0,218.84M,-32.29M,-32.29M,0,8.511B,206.02M,436.21M,228.78M,0.413M,595.15M,18.30M,11.16B,21.23B,40.94M,637.14M,436.21M,9.823B,20.59B,9.387B,194.42M,378.03M,0
EQR,2016-03,-126.19M,368.05M,212.86M,0,9.84,9.76,0,0,406.23M,2016-03,0,3.588B,-215.83M,-215.83M,0,8.584B,216.62M,476.53M,3.732B,0.35M,619.08M,16.72M,11.06B,21.30B,40.94M,669.14M,476.53M,9.993B,20.63B,9.516B,189.60M,407.13M,0
EQR,2015-12,-152.02M,42.28M,221.06M,387.28M,0.56,0.55,0,0,482.14M,2015-12,2.181B,204.49M,-113.14M,-113.14M,0,10.53B,287.06M,481.72M,213.89M,0.219M,703.19M,14.05M,10.47B,23.11B,40.93M,2.336B,869.00M,12.41B,20.77B,11.54B,195.08M,396.50M,0
EQR,2015-09,-157.02M,37.37M,227.44M,30.00M,0.54,0.53,0,0,468.85M,2015-09,0,196.69M,-116.65M,-116.65M,0,10.77B,257.59M,548.20M,205.70M,0.329M,696.29M,15.20M,10.48B,23.01B,43.82M,227.11M,578.19M,12.30B,22.78B,11.73B,211.26M,462.11M,0
EQR,2015-06,-163.86M,92.11M,222.92M,0,0.79,0.78,0,0,456.20M,2015-06,0,286.42M,-106.92M,-106.92M,0,10.83B,246.26M,489.27M,298.83M,0.326M,679.11M,15.66M,10.50B,23.08B,43.82M,248.48M,489.27M,12.24B,22.83B,11.75B,209.94M,402.14M,0
EQR,2015-03,-180.02M,49.42M,233.76M,470.83M,0.49,0.49,0,0,432.61M,2015-03,0,182.52M,-111.20M,-111.20M,0,10.39B,218.33M,495.73M,190.11M,0.043M,666.37M,19.76M,10.33B,23.03B,43.82M,303.88M,966.56M,12.36B,22.73B,11.39B,214.28M,411.06M,0
EQR,2014-12,-172.15M,40.08M,211.39M,333.00M,0.6,0.59,0,0,453.27M,2014-12,0,217.74M,-111.52M,-111.52M,0,10.51B,250.80M,431.70M,227.21M,0.248M,664.66M,9.383M,10.37B,22.95B,53.63M,160.47M,764.70M,12.24B,22.79B,11.48B,202.47M,342.16M,0
EQR,2014-09,-164.81M,31.48M,220.37M,446.00M,0.61,0.61,0,0,443.71M,2014-09,0,221.74M,-120.30M,-120.30M,0,10.51B,243.27M,477.81M,231.51M,0.26M,664.08M,9.968M,10.38B,23.01B,53.62M,162.42M,923.81M,12.29B,22.85B,11.37B,200.44M,391.34M,0
EQR,2014-06,-166.99M,76.13M,220.37M,0,0.31,0.31,0,0,432.20M,2014-06,0,112.69M,-117.03M,-117.03M,0,11.08B,228.31M,434.52M,117.86M,0.646M,652.57M,13.75M,10.29B,22.99B,53.62M,205.81M,434.52M,12.36B,22.79B,11.93B,203.89M,356.13M,0
EQR,2014-03,-162.89M,37.21M,231.44M,298.00M,0.22,0.22,0,0,402.00M,2014-03,0,79.14M,-115.24M,-115.24M,0,10.65B,199.26M,427.74M,81.92M,0.24M,633.44M,17.58M,10.38B,22.89B,53.61M,172.28M,725.74M,12.17B,22.72B,11.44B,202.74M,349.60M,0
EQR,2013-12,-155.16M,53.53M,217.53M,115.00M,0.31,0.3,0,0,421.60M,2013-12,0,110.98M,-152.45M,-152.45M,0,10.65B,223.70M,440.61M,68.98M,-0.156M,639.13M,15.16M,10.51B,22.83B,53.60M,199.74M,555.61M,11.99B,22.63B,11.43B,197.90M,362.30M,0
EQR,2013-09,-169.39M,972.76M,215.09M,0,1.05,1.05,0,0,411.54M,2013-09,0,377.19M,-123.36M,-123.36M,0,11.71B,120.40M,402.13M,-12.97M,0.492M,626.63M,14.44M,10.60B,23.81B,53.60M,1.113B,402.13M,12.89B,22.70B,12.49B,291.14M,316.78M,0
EQR,2013-06,-166.84M,152.56M,213.85M,0,0.9,0.9,0,21.15B,403.37M,2013-06,0,324.76M,-126.87M,-126.87M,16.27B,11.72B,63.98M,321.53M,-58.08M,0.428M,617.22M,16.08M,10.32B,23.48B,53.60M,391.19M,321.53M,12.84B,23.09B,12.52B,339.39M,235.45M,0
EQR,2013-03,-182.51M,56.09M,187.76M,395.00M,3.01,3.01,0,21.02B,316.96M,2013-03,0,1.018B,-201.10M,-201.10M,16.25B,11.76B,104.25M,344.10M,-164.93M,0.405M,504.72M,16.50M,10.12B,23.80B,53.60M,243.14M,739.10M,13.36B,23.55B,12.62B,212.72M,255.59M,0
EQR,2012-12,-193.15M,612.59M,150.50M,0,1.18,1.17,0,20.54B,294.24M,2012-12,0,367.02M,-40.24M,-40.24M,15.88B,8.529B,145.65M,374.77M,98.11M,-0.088M,444.74M,10.07M,7.290B,17.20B,53.25M,872.16M,374.77M,9.674B,16.33B,9.299B,148.59M,298.55M,0
EQR,2012-09,-197.75M,56.08M,159.35M,7.00M,0.73,0.72,0,19.54B,292.35M,2012-09,0,226.14M,-46.46M,-46.46M,15.13B,9.302B,142.93M,292.52M,92.40M,0.222M,451.70M,10.08M,5.991B,16.67B,53.03M,176.52M,299.52M,10.04B,16.49B,9.741B,149.42M,213.65M,0
EQR,2012-06,-198.08M,53.72M,160.96M,35.00M,0.33,0.33,0,19.54B,287.39M,2012-06,0,103.26M,-118.39M,-118.39M,15.23B,9.359B,128.56M,264.80M,0.687M,0.213M,448.35M,13.39M,5.885B,16.71B,203.01M,247.62M,299.80M,10.16B,16.47B,9.858B,158.83M,182.11M,0
EQR,2012-03,-189.97M,219.63M,170.04M,0,0.47,0.47,0,19.70B,276.41M,2012-03,0,145.30M,-120.78M,-120.78M,15.27B,9.413B,114.48M,265.59M,-13.26M,0.17M,446.45M,13.69M,5.822B,16.48B,203.00M,413.24M,265.59M,10.01B,16.07B,9.739B,161.93M,186.10M,0
EQR,2011-12,-196.72M,383.92M,40.74M,0,0.33,0.33,0,0,60.66M,2011-12,0,102.48M,-124.47M,-124.47M,0,9.721B,10.76M,302.41M,-102.41M,0.037M,101.40M,11.14M,5.669B,16.66B,202.98M,546.85M,302.41M,10.80B,16.11B,10.49B,49.90M,214.28M,0
EQR,2011-09,-185.03M,56.66M,179.25M,26.00M,0.35,0.35,0,0,314.63M,2011-09,0,107.85M,-107.14M,-107.14M,0,8.751B,144.81M,274.41M,30.50M,0.283M,493.87M,10.12M,5.736B,15.76B,202.97M,426.12M,300.41M,9.523B,15.33B,9.223B,169.81M,204.52M,0
EQR,2011-06,-80.55M,604.76M,175.15M,0,1.88,1.85,0,0,305.22M,2011-06,0,555.92M,-119.72M,-119.72M,0,9.449B,139.86M,268.27M,11.11M,0.202M,480.37M,10.91M,5.750B,16.40B,202.96M,966.60M,268.27M,10.08B,15.43B,9.816B,165.36M,175.68M,0
EQR,2011-03,-50.63M,306.07M,180.52M,0,0.42,0.42,0,0,285.84M,2011-03,0,127.33M,-119.52M,-119.52M,0,9.677B,115.95M,258.38M,-8.729M,0.184M,466.36M,11.43M,5.279B,16.08B,202.94M,306.07M,258.38M,10.26B,15.77B,9.998B,169.89M,186.40M,0
