Ticker,Date,Accrued Comprehensive Inc,Cash and Short Term Investments,Cost of Goods Sold,Current Debt & Capital Lease Obligation,Current Deferred Liabilities,EPS Basic,EPS Diluted,Goodwill and Intangibles,Gross PP&E,Gross Profit,Income (Quarterly),Inventories,Net Income,Net Non-Operating Interest Income Expense,Net Operating Interest Income,Net PP&E,Non-Current Deferred Liabilities,Non-Current Portion of LTD and Capital Lease Obligation,Operating Income,Payables and Accrued Expenses,Pre-Tax Income,Provision for Income Taxes,Revenue,SG&A Expense,Shareholders Equity,Total Assets,Total Capital Stock,Total Current Assets,Total Current Liabilities,Total Liabilities,Total Long Term Assets,Total Long Term Liabilities,Total Operating Expenses,Total Payables,Total Receivables
ETR,2020-12,-449.21M,1.759B,1.473B,2.792B,618.31M,1.94,1.93,377.17M,63.48B,897.43M,2020-12,1.135B,392.55M,2.861M,2.861M,39.41B,4.574B,21.21B,162.40M,3.382B,103.68M,-288.87M,2.370B,0,10.96B,58.24B,37.70M,4.560B,7.061B,47.28B,53.68B,40.22B,735.03M,3.180B,1.286B
ETR,2020-09,-390.42M,1.240B,1.482B,2.448B,628.75M,2.6,2.59,377.17M,62.66B,1.421B,2020-09,1.065B,525.70M,-68.87M,-68.87M,38.81B,4.870B,19.61B,782.48M,3.518B,675.14M,149.44M,2.904B,0,10.81B,56.07B,37.70M,4.063B,6.876B,45.26B,52.01B,38.39B,638.78M,3.313B,1.347B
ETR,2020-06,-388.60M,935.47M,1.334B,3.151B,702.32M,1.8,1.79,377.17M,60.64B,1.079B,2020-06,1.036B,365.11M,80.17M,80.17M,37.11B,4.742B,18.28B,446.09M,1.986B,454.23M,89.12M,2.413B,0,10.46B,53.37B,37.70M,3.547B,6.116B,42.90B,49.82B,36.79B,632.58M,1.787B,1.177B
ETR,2020-03,-398.99M,1.464B,1.366B,3.172B,701.52M,0.59,0.59,377.17M,60.00B,1.061B,2020-03,998.72M,123.29M,-407.00M,-407.00M,36.58B,4.590B,18.23B,404.85M,1.881B,52.10M,-71.19M,2.427B,0,10.26B,52.56B,37.70M,3.974B,6.018B,42.30B,48.58B,36.28B,656.01M,1.692B,1.076B
ETR,2019-12,-446.92M,425.72M,1.571B,2.742B,683.32M,1.93,1.92,377.17M,59.15B,890.86M,2019-12,970.46M,389.60M,-46.69M,-46.69M,36.01B,4.608B,17.08B,250.08M,1.927B,146.35M,-243.26M,2.462B,0,10.26B,51.72B,37.70M,3.046B,5.620B,41.47B,48.68B,35.84B,640.78M,1.733B,1.209B
ETR,2019-09,-419.77M,955.83M,1.771B,2.438B,642.43M,1.84,1.82,377.17M,57.59B,1.370B,2019-09,935.55M,369.46M,-104.34M,-104.34M,34.90B,4.759B,16.94B,718.02M,1.771B,398.66M,29.20M,3.141B,0,10.07B,50.51B,37.70M,3.662B,5.103B,40.44B,46.84B,35.33B,651.54M,1.580B,1.338B
ETR,2019-06,-430.40M,635.91M,1.706B,1.785B,664.63M,1.22,1.22,377.17M,56.74B,960.19M,2019-06,917.72M,240.53M,-88.08M,-88.08M,34.31B,4.600B,17.20B,355.19M,1.822B,241.99M,1.458M,2.666B,0,9.798B,50.57B,2.70M,3.284B,4.523B,40.77B,47.28B,36.25B,605.00M,1.629B,1.235B
ETR,2019-03,-551.15M,983.50M,1.651B,2.092B,713.75M,1.34,1.32,377.17M,55.60B,958.26M,2019-03,893.41M,258.65M,44.60M,44.60M,33.40B,4.463B,17.17B,357.23M,1.789B,301.42M,42.77M,2.610B,0,8.970B,49.61B,2.616M,3.408B,4.861B,40.64B,46.20B,35.77B,601.02M,1.616B,1.075B
ETR,2018-12,-557.17M,480.98M,1.822B,2.592B,712.03M,-0.36,-0.36,377.17M,55.00B,690.23M,2018-12,870.15M,-62.32M,-381.20M,-381.20M,32.72B,4.320B,15.52B,6.307M,1.943B,-579.21M,-516.89M,2.512B,0,8.844B,48.28B,2.616M,2.958B,5.444B,39.43B,45.32B,33.99B,683.92M,1.750B,1.114B
ETR,2018-09,-632.13M,987.98M,2.061B,2.683B,996.52M,2.96,2.92,377.17M,53.89B,1.044B,2018-09,880.69M,539.82M,-2.986M,-2.986M,31.83B,4.641B,15.80B,426.25M,1.829B,256.81M,-283.01M,3.104B,0,8.413B,48.47B,2.548M,3.695B,5.751B,40.06B,44.78B,34.31B,617.47M,1.651B,1.367B
ETR,2018-06,-613.64M,812.79M,1.758B,3.002B,1.148B,1.36,1.34,377.17M,53.06B,910.47M,2018-06,926.65M,248.86M,-106.51M,-106.51M,31.24B,4.650B,14.88B,160.54M,1.852B,-31.74M,-280.60M,2.669B,0,8.022B,47.62B,2.548M,3.534B,6.232B,39.60B,44.09B,33.37B,749.93M,1.666B,1.258B
ETR,2018-03,-561.50M,1.206B,1.666B,2.067B,1.373B,0.73,0.73,377.17M,52.53B,1.058B,2018-03,940.58M,136.20M,-152.79M,-152.79M,30.83B,4.670B,15.61B,408.59M,1.597B,179.86M,43.66M,2.724B,0,7.975B,47.28B,2.548M,3.656B,5.233B,39.31B,43.63B,34.07B,649.63M,1.419B,1.082B
ETR,2017-12,-23.53M,781.27M,1.323B,2.340B,547.85M,-2.66,-2.66,377.17M,52.13B,1.301B,2017-12,905.86M,-475.71M,-77.32M,-77.32M,30.37B,4.686B,14.34B,791.71M,1.855B,154.41M,630.12M,2.624B,0,7.993B,46.71B,2.548M,3.285B,5.036B,38.71B,43.42B,33.68B,509.15M,1.667B,1.213B
ETR,2017-09,111.68M,546.29M,1.856B,2.224B,465.13M,2.22,2.21,377.17M,51.04B,1.388B,2017-09,878.64M,401.64M,-108.57M,-108.57M,29.66B,7.759B,14.00B,759.00M,1.534B,643.44M,241.80M,3.244B,0,8.690B,46.40B,2.548M,3.471B,4.461B,37.71B,42.93B,33.25B,629.04M,1.353B,1.313B
ETR,2017-06,52.77M,934.50M,1.839B,1.954B,461.78M,2.28,2.27,377.17M,50.36B,779.28M,2017-06,869.08M,413.37M,-82.76M,-82.76M,29.27B,7.468B,14.33B,168.84M,1.528B,76.26M,-337.11M,2.619B,0,8.371B,46.01B,2.548M,3.599B,4.241B,37.64B,42.41B,33.40B,610.44M,1.345B,1.120B
ETR,2017-03,10.96M,1.083B,1.877B,1.660B,508.76M,0.46,0.46,377.17M,49.71B,711.91M,2017-03,854.40M,86.05M,-105.50M,-105.50M,28.87B,7.786B,13.95B,179.22M,1.445B,93.81M,7.763M,2.588B,0,8.057B,45.32B,2.548M,3.397B,3.879B,37.26B,41.92B,33.38B,532.69M,1.272B,973.14M
ETR,2016-12,-34.97M,1.188B,4.560B,782.33M,506.06M,-9.88,-9.88,377.17M,49.51B,-1.911B,2016-12,878.12M,-1.766B,-136.08M,-136.08M,28.62B,7.722B,14.49B,-2.528B,1.654B,-2.732B,-966.14M,2.649B,0,8.082B,45.90B,2.548M,3.684B,3.200B,37.82B,42.22B,34.62B,616.77M,1.467B,1.170B
ETR,2016-09,38.14M,1.307B,1.745B,1.186B,521.02M,2.17,2.16,377.17M,51.82B,1.380B,2016-09,1.107B,393.20M,-129.66M,-129.66M,30.03B,8.740B,13.89B,772.06M,1.484B,651.11M,257.91M,3.125B,0,10.07B,47.74B,2.548M,4.340B,3.452B,37.67B,43.40B,34.22B,607.85M,1.303B,1.380B
ETR,2016-06,-9.155M,996.10M,1.437B,1.699B,696.71M,3.17,3.16,377.17M,51.16B,1.025B,2016-06,1.112B,572.59M,-124.12M,-124.12M,29.77B,8.412B,13.14B,442.26M,1.369B,323.62M,-248.97M,2.463B,0,9.758B,45.88B,2.548M,3.852B,4.022B,36.12B,42.03B,32.10B,582.90M,1.184B,1.170B
ETR,2016-03,29.79M,1.092B,1.558B,1.566B,785.46M,1.29,1.28,377.17M,51.03B,1.052B,2016-03,1.101B,235.24M,-131.38M,-131.38M,29.69B,8.699B,13.53B,498.22M,1.249B,375.19M,139.94M,2.610B,0,9.361B,45.93B,2.548M,4.001B,3.839B,36.57B,41.93B,32.73B,553.84M,1.082B,993.42M
ETR,2015-12,8.951M,1.351B,2.227B,711.43M,655.39M,0.56,0.56,377.17M,49.47B,281.83M,2015-12,1.091B,104.85M,-119.20M,-119.20M,28.51B,8.541B,13.14B,-408.34M,1.476B,-420.67M,-525.52M,2.509B,0,9.257B,44.65B,2.548M,4.067B,3.090B,35.39B,40.58B,32.30B,690.17M,1.282B,1.069B
ETR,2015-09,-117.80M,1.041B,3.752B,1.063B,670.53M,-4.04,-4.04,377.17M,49.55B,-380.99M,2015-09,1.095B,-718.23M,-125.01M,-125.01M,28.68B,8.940B,13.08B,-965.02M,1.450B,-1.086B,-367.66M,3.371B,0,9.157B,45.04B,2.548M,4.117B,3.454B,35.88B,40.92B,32.43B,584.02M,1.279B,1.333B
ETR,2015-06,-46.82M,910.37M,1.768B,1.737B,649.67M,0.83,0.83,377.17M,50.40B,945.60M,2015-06,1.151B,153.72M,-120.11M,-120.11M,29.48B,9.440B,12.12B,377.38M,1.309B,253.50M,99.78M,2.713B,0,10.25B,46.27B,96.55M,4.085B,3.998B,36.01B,42.18B,32.02B,568.22M,1.122B,1.190B
ETR,2015-03,-59.74M,1.181B,1.807B,1.708B,655.99M,1.66,1.65,377.17M,50.10B,1.113B,2015-03,1.158B,302.93M,-92.09M,-92.09M,29.43B,9.410B,12.34B,542.77M,1.165B,453.40M,150.47M,2.920B,0,10.23B,46.38B,96.55M,4.140B,3.765B,36.15B,42.24B,32.38B,569.86M,1.002B,1.068B
ETR,2014-12,-42.31M,1.422B,1.983B,1.500B,541.81M,0.67,0.66,377.17M,49.98B,847.88M,2014-12,1.124B,125.01M,-121.70M,-121.70M,29.34B,9.381B,12.42B,319.67M,1.501B,207.13M,82.12M,2.831B,0,10.10B,46.41B,96.55M,4.390B,3.849B,36.31B,42.02B,32.46B,528.20M,1.295B,1.103B
ETR,2014-09,20.38M,1.069B,2.401B,2.008B,549.47M,1.28,1.27,377.17M,49.17B,1.057B,2014-09,1.109B,234.92M,-106.27M,-106.27M,28.90B,9.320B,11.67B,492.86M,1.492B,396.68M,161.76M,3.458B,0,10.24B,44.54B,96.55M,4.265B,4.454B,34.30B,40.28B,29.85B,563.82M,1.315B,1.313B
ETR,2014-06,31.07M,650.07M,2.005B,1.724B,451.70M,1.06,1.05,377.17M,48.42B,991.56M,2014-06,1.110B,194.28M,-131.57M,-131.57M,28.45B,9.245B,11.97B,454.48M,1.494B,323.02M,128.74M,2.997B,0,10.16B,44.15B,96.55M,4.245B,4.128B,33.99B,39.91B,29.87B,537.09M,1.312B,1.233B
ETR,2014-03,-5.202M,908.48M,1.916B,1.630B,422.54M,2.24,2.24,377.17M,48.07B,1.293B,2014-03,1.119B,406.05M,-120.28M,-120.28M,28.38B,9.137B,12.23B,739.88M,1.413B,623.02M,216.97M,3.209B,0,10.04B,43.88B,96.55M,4.193B,3.917B,33.83B,39.68B,29.92B,552.99M,1.257B,1.128B
ETR,2013-12,-29.32M,739.13M,1.940B,1.506B,456.94M,0.82,0.82,377.17M,47.94B,752.34M,2013-12,1.124B,151.35M,-59.02M,-59.02M,28.29B,8.988B,12.17B,181.98M,1.545B,163.13M,11.78M,2.692B,0,9.726B,43.41B,96.55M,3.930B,4.061B,33.68B,39.48B,29.62B,570.36M,1.364B,1.172B
ETR,2013-09,-243.53M,415.07M,2.406B,1.315B,423.24M,1.35,1.34,377.17M,47.56B,945.55M,2013-09,1.104B,244.18M,-127.62M,-127.62M,28.01B,8.597B,12.31B,388.89M,1.387B,268.74M,24.55M,3.352B,0,9.502B,43.32B,96.55M,3.490B,3.439B,33.82B,39.83B,30.38B,556.66M,1.228B,1.268B
ETR,2013-06,-274.30M,348.29M,1.886B,1.619B,390.44M,0.92,0.92,377.17M,47.36B,852.20M,2013-06,1.143B,168.06M,-108.44M,-108.44M,28.02B,8.608B,12.13B,346.51M,1.627B,241.17M,73.11M,2.738B,260.32M,9.369B,43.26B,96.55M,3.592B,3.984B,33.89B,39.67B,29.91B,505.68M,1.446B,1.222B
ETR,2013-03,-303.66M,307.37M,1.698B,1.708B,403.99M,0.91,0.9,377.17M,46.83B,910.44M,2013-03,1.147B,166.98M,-109.66M,-109.66M,27.76B,8.620B,11.76B,394.04M,1.488B,283.52M,116.54M,2.609B,61.10M,9.307B,42.79B,96.55M,3.323B,3.896B,33.49B,39.47B,29.59B,516.39M,1.334B,1.032B
ETR,2012-12,-293.08M,578.61M,1.600B,1.518B,468.63M,1.66,1.66,377.17M,47.12B,835.76M,2012-12,1.142B,301.85M,-111.99M,-111.99M,27.99B,8.585B,11.95B,324.20M,1.736B,222.56M,-79.28M,2.436B,55.26M,9.291B,43.20B,96.55M,3.683B,4.106B,33.91B,39.52B,29.81B,511.56M,1.551B,1.002B
ETR,2012-09,-136.79M,749.72M,1.761B,1.148B,562.42M,1.9,1.89,377.17M,45.42B,1.203B,2012-09,1.136B,342.67M,-123.31M,-123.31M,26.69B,8.450B,11.78B,690.85M,1.844B,575.17M,232.50M,2.964B,0,9.285B,42.02B,2.548M,3.808B,3.924B,32.74B,38.22B,28.81B,512.06M,1.686B,1.147B
ETR,2012-06,-75.60M,283.39M,1.613B,527.86M,626.42M,2.06,2.06,377.17M,44.82B,905.44M,2012-06,1.134B,370.58M,-109.85M,-109.85M,26.26B,8.244B,12.01B,342.98M,1.478B,248.38M,-122.20M,2.519B,0,9.124B,40.92B,2.548M,3.204B,3.042B,31.79B,37.71B,28.75B,562.46M,1.302B,1.037B
ETR,2012-03,33.67M,685.00M,1.965B,460.08M,728.03M,-0.86,-0.86,377.17M,44.24B,418.81M,2012-03,1.119B,-146.74M,-96.36M,-96.36M,25.85B,8.446B,12.16B,-56.86M,1.256B,-146.90M,-0.162M,2.384B,0,9.008B,40.93B,2.548M,3.476B,2.911B,31.92B,37.45B,29.01B,475.67M,1.105B,829.06M
ETR,2011-12,-168.45M,744.74M,3.779B,2.305B,707.51M,0.87,0.87,377.17M,44.76B,-1.290B,2011-12,1.097B,160.03M,-98.45M,-98.45M,26.29B,8.381B,10.08B,342.70M,1.531B,250.22M,90.19M,2.489B,0,9.055B,40.70B,96.55M,3.623B,4.951B,31.65B,37.08B,26.70B,-1.633B,1.347B,1.002B
ETR,2011-09,-138.34M,987.14M,1.390B,2.171B,481.57M,3.55,3.53,377.17M,43.18B,2.006B,2011-09,1.075B,633.07M,-94.35M,-94.35M,25.06B,8.685B,10.28B,600.91M,1.047B,513.94M,-119.13M,3.396B,0,9.059B,39.16B,2.548M,4.154B,4.161B,30.10B,35.01B,25.94B,1.405B,882.65M,1.248B
ETR,2011-06,-75.16M,529.86M,1.078B,262.46M,459.37M,1.77,1.76,377.17M,42.82B,1.726B,2011-06,1.082B,320.60M,-90.98M,-90.98M,24.90B,9.152B,12.10B,558.74M,1.222B,471.55M,150.95M,2.803B,0,8.692B,39.13B,2.548M,3.863B,2.242B,30.44B,35.27B,28.20B,1.167B,1.044B,1.203B
ETR,2011-03,-67.18M,726.24M,934.30M,395.20M,496.20M,1.39,1.38,377.17M,42.14B,1.607B,2011-03,1.087B,253.68M,-109.39M,-109.39M,24.46B,9.048B,11.62B,505.78M,1.136B,417.93M,164.25M,2.541B,0,8.629B,38.60B,2.548M,3.778B,2.311B,29.97B,34.82B,27.66B,1.101B,986.31M,932.14M
