Ticker,Date,Accrued Comprehensive Inc,Cash and Short Term Investments,Cost of Goods Sold,Current Debt & Capital Lease Obligation,EPS Basic,EPS Diluted,Goodwill and Intangibles,Gross PP&E,Gross Profit,Income (Quarterly),Inventories,Net Income,Net Non-Operating Interest Income Expense,Net Operating Interest Income,Net PP&E,Non-Current Deferred Liabilities,Non-Current Portion of LTD and Capital Lease Obligation,Operating Income,Payables and Accrued Expenses,Pre-Tax Income,Provision for Income Taxes,Revenue,SG&A Expense,Shareholders Equity,Total Assets,Total Capital Stock,Total Current Assets,Total Current Liabilities,Total Liabilities,Total Long Term Assets,Total Long Term Liabilities,Total Operating Expenses,Total Payables,Total Receivables
EVRG,2020-12,-49.40M,144.90M,629.40M,1.130B,0.22,0.22,2.337B,31.34B,465.00M,2020-12,504.50M,51.00M,-93.40M,-93.40M,20.11B,1.665B,9.191B,153.00M,921.20M,60.20M,8.40M,1.094B,0,8.733B,27.11B,7.08B,1.624B,2.356B,18.40B,25.49B,16.04B,312.00M,797.80M,336.80M
EVRG,2020-09,-48.40M,361.60M,686.90M,967.30M,1.6,1.6,2.337B,30.63B,830.70M,2020-09,512.10M,364.50M,-94.80M,-94.80M,19.78B,1.683B,9.276B,521.70M,783.30M,415.60M,50.00M,1.518B,0,8.802B,26.88B,7.077B,1.915B,2.098B,18.10B,24.97B,16.00B,309.00M,664.70M,372.40M
EVRG,2020-06,-49.80M,176.20M,600.50M,1.134B,0.59,0.59,2.337B,30.03B,584.20M,2020-06,520.30M,133.40M,-99.50M,-99.50M,19.35B,1.602B,9.281B,271.70M,625.80M,168.00M,33.70M,1.185B,0,8.548B,26.25B,7.074B,1.790B,2.086B,17.72B,24.46B,15.64B,312.50M,533.00M,508.70M
EVRG,2020-03,-48.70M,304.40M,608.40M,1.397B,0.31,0.31,2.337B,29.84B,508.30M,2020-03,498.90M,69.40M,-96.20M,-96.20M,19.38B,1.797B,8.994B,197.50M,661.70M,80.10M,10.10M,1.117B,0,8.529B,26.18B,7.072B,1.733B,2.398B,17.68B,24.45B,15.28B,310.80M,524.40M,299.70M
EVRG,2019-12,-50.00M,23.20M,660.10M,1.184B,0.31,0.3,2.337B,29.87B,471.50M,2019-12,481.60M,63.90M,-96.70M,-96.70M,19.35B,1.744B,8.766B,165.80M,796.20M,62.60M,-2.20M,1.132B,0,8.572B,25.98B,7.070B,1.468B,2.336B,17.43B,24.51B,15.09B,305.70M,673.90M,314.00M
EVRG,2019-09,-50.70M,50.10M,731.30M,1.039B,1.56,1.56,2.337B,29.28B,846.30M,2019-09,454.40M,366.80M,-90.80M,-90.80M,19.14B,1.730B,8.768B,538.70M,709.90M,432.80M,65.50M,1.578B,0,8.619B,25.91B,7.067B,1.512B,2.075B,17.32B,24.40B,15.24B,307.60M,599.20M,334.10M
EVRG,2019-06,-29.00M,107.00M,643.00M,2.584B,0.57,0.57,2.337B,29.08B,578.70M,2019-06,488.70M,139.70M,-95.40M,-95.40M,19.09B,1.631B,7.141B,271.70M,554.60M,166.90M,24.40M,1.222B,0,8.883B,25.72B,7.563B,1.539B,3.483B,16.86B,24.18B,13.38B,307.00M,473.90M,308.80M
EVRG,2019-03,-13.20M,133.60M,700.40M,2.403B,0.39,0.39,2.339B,28.87B,516.50M,2019-03,466.50M,99.50M,-91.10M,-91.10M,19.01B,1.604B,7.145B,209.60M,666.40M,110.50M,9.30M,1.217B,0,9.423B,26.06B,8.110B,1.928B,3.335B,16.67B,24.13B,13.33B,306.90M,516.20M,221.50M
EVRG,2018-12,-3.00M,160.30M,756.90M,1.839B,-0.11,-0.11,2.339B,28.87B,442.90M,2018-12,511.00M,18.50M,-88.30M,-88.30M,18.95B,1.599B,6.687B,150.10M,696.00M,51.10M,30.70M,1.200B,0,10.03B,25.60B,8.685B,1.681B,2.867B,15.61B,23.92B,12.74B,292.80M,585.10M,261.70M
EVRG,2018-09,0,679.70M,772.50M,1.611B,1.32,1.32,2.334B,29.18B,810.00M,2018-09,520.90M,355.00M,-89.10M,-89.10M,19.01B,1.536B,6.691B,533.10M,705.40M,419.70M,64.10M,1.582B,0,10.69B,26.08B,9.236B,2.319B,2.659B,15.43B,23.76B,12.77B,276.90M,585.80M,517.30M
EVRG,2018-06,0,1.280B,581.90M,2.124B,0.56,0.56,2.334B,29.05B,311.50M,2018-06,539.90M,101.80M,-58.40M,-58.40M,18.99B,1.436B,6.692B,126.90M,619.90M,58.00M,-45.00M,893.40M,60.58M,10.94B,26.66B,9.718B,2.937B,3.078B,15.76B,23.72B,12.69B,184.60M,537.90M,488.70M
EVRG,2018-03,0,11.17M,343.20M,320.14M,0.42,0.42,0,14.60B,257.00M,2018-03,286.83M,60.50M,-43.80M,-43.80M,9.764B,824.70M,3.739B,123.50M,417.53M,70.70M,9.20M,600.20M,75.72M,3.910B,11.62B,711.17M,683.25M,830.35M,7.756B,10.94B,6.926B,133.50M,325.79M,244.41M
EVRG,2017-12,0,3.40M,336.90M,304.20M,0.24,0.24,0,14.15B,257.90M,2017-12,293.60M,33.90M,-42.80M,-42.80M,9.730B,815.70M,3.769B,122.30M,418.40M,73.10M,38.60M,594.80M,56.46M,3.908B,11.62B,2.735B,727.00M,823.70M,7.764B,10.90B,6.940B,135.60M,345.70M,290.70M
EVRG,2017-09,0,3.388M,393.00M,217.63M,1.11,1.11,0,0,401.30M,2017-09,285.07M,158.30M,-43.40M,-43.40M,9.672B,1.867B,3.768B,264.90M,380.87M,214.90M,55.80M,794.30M,0,3.929B,11.63B,710.47M,733.05M,686.85M,7.746B,10.89B,7.060B,136.40M,316.02M,308.28M
EVRG,2017-06,0,3.21M,313.20M,357.74M,0.5,0.5,0,0,296.10M,2017-06,302.70M,72.10M,-43.70M,-43.70M,9.659B,1.794B,3.769B,160.20M,328.24M,110.40M,35.90M,609.30M,0,3.826B,11.60B,710.47M,740.23M,774.17M,7.741B,10.86B,6.967B,135.90M,283.11M,274.43M
EVRG,2017-03,0,3.359M,309.85M,254.84M,0.42,0.42,0,0,262.73M,2017-03,310.86M,59.66M,-41.10M,-41.10M,9.577B,1.767B,3.768B,131.38M,430.11M,84.39M,20.91M,572.57M,0,3.806B,11.52B,710.24M,721.10M,766.74M,7.684B,10.79B,6.918B,131.34M,344.50M,237.03M
EVRG,2016-12,0,3.066M,531.08M,518.54M,0.38,0.38,0,0,75.47M,2016-12,300.12M,53.96M,-40.69M,-40.69M,9.506B,1.753B,3.500B,136.40M,431.66M,75.42M,24.12M,606.55M,0,3.806B,11.49B,708.96M,768.38M,1.047B,7.654B,10.72B,6.607B,-60.93M,359.14M,301.58M
EVRG,2016-09,0,3.937M,300.37M,334.74M,1.09,1.08,0,0,464.28M,2016-09,290.08M,154.72M,-40.90M,-40.90M,9.299B,1.737B,3.499B,270.58M,462.64M,239.76M,81.21M,764.65M,0,3.801B,11.24B,708.72M,762.30M,917.03M,7.42B,10.48B,6.503B,193.71M,400.81M,322.39M
EVRG,2016-06,0,5.213M,259.48M,328.84M,0.51,0.51,0,0,361.97M,2016-06,299.46M,72.34M,-39.68M,-39.68M,9.064B,1.656B,3.499B,153.62M,368.19M,116.69M,40.54M,621.45M,0,3.695B,10.97B,708.46M,741.87M,821.51M,7.256B,10.23B,6.434B,208.36M,326.22M,298.84M
EVRG,2016-03,0,3.471M,238.58M,468.64M,0.46,0.46,0,0,330.88M,2016-03,301.34M,65.58M,-40.43M,-40.43M,8.942B,1.619B,3.150B,141.81M,497.38M,107.33M,38.62M,569.45M,0,3.671B,10.81B,708.14M,675.58M,1.074B,7.118B,10.13B,6.044B,189.06M,411.15M,225.09M
EVRG,2015-12,0,3.231M,240.98M,278.61M,0.28,0.28,0,13.20B,304.99M,2015-12,301.29M,39.24M,-42.68M,-42.68M,8.793B,1.591B,3.302B,108.36M,426.00M,66.02M,24.19M,545.96M,70.71M,3.657B,10.71B,706.77M,717.14M,836.94M,7.034B,9.989B,6.197B,196.63M,354.57M,258.29M
EVRG,2015-09,0,3.829M,301.87M,331.91M,0.97,0.97,0,12.77B,430.96M,2015-09,276.69M,138.00M,-44.31M,-44.31M,8.650B,1.602B,3.080B,255.60M,408.72M,206.86M,66.29M,732.83M,60.48M,3.663B,10.58B,706.34M,757.68M,878.69M,6.908B,9.826B,6.029B,175.35M,347.88M,288.76M
EVRG,2015-06,0,2.266M,280.17M,335.42M,0.47,0.46,0,12.04B,309.39M,2015-06,279.03M,63.71M,-45.52M,-45.52M,8.614B,1.511B,3.230B,131.48M,370.87M,100.08M,33.84M,589.56M,63.66M,3.574B,10.55B,705.89M,753.53M,844.92M,6.964B,9.795B,6.119B,177.92M,322.84M,266.33M
EVRG,2015-03,0,6.074M,297.37M,453.72M,0.38,0.38,0,0,293.43M,2015-03,265.97M,50.98M,-44.30M,-44.30M,8.508B,1.489B,3.229B,125.56M,450.34M,80.84M,27.68M,590.81M,55.42M,3.308B,10.41B,660.83M,674.56M,1.037B,7.094B,9.735B,6.058B,167.88M,360.52M,236.28M
EVRG,2014-12,0,4.556M,311.14M,285.53M,0.33,0.32,0,0,285.30M,2014-12,247.41M,43.45M,-45.04M,-45.04M,8.441B,1.446B,3.354B,105.27M,418.38M,64.40M,18.63M,596.44M,70.81M,3.295B,10.29B,658.44M,669.40M,849.63M,6.988B,9.620B,6.138B,180.03M,338.68M,267.33M
EVRG,2014-09,0,5.835M,340.69M,230.49M,1.13,1.1,0,0,423.35M,2014-09,244.18M,147.38M,-44.53M,-44.53M,8.314B,1.489B,3.382B,255.42M,414.93M,221.29M,71.53M,764.04M,60.98M,3.265B,10.07B,653.29M,749.34M,801.04M,6.796B,9.324B,5.995B,167.93M,349.35M,300.12M
EVRG,2014-06,0,10.75M,322.15M,371.40M,0.41,0.4,0,0,290.52M,2014-06,256.52M,53.47M,-47.30M,-47.30M,8.107B,1.423B,3.383B,122.73M,348.49M,81.97M,26.15M,612.67M,62.17M,3.121B,9.871B,646.36M,748.15M,859.65M,6.740B,9.123B,5.881B,167.79M,292.94M,259.20M
EVRG,2014-03,0,9.065M,317.59M,457.16M,0.53,0.52,0,0,310.97M,2014-03,249.69M,68.96M,-46.24M,-46.24M,7.963B,1.397B,3.136B,149.54M,430.08M,105.93M,34.96M,628.56M,56.49M,3.098B,9.710B,644.07M,706.82M,1.012B,6.605B,9.004B,5.593B,161.43M,338.12M,231.78M
EVRG,2013-12,0,4.487M,290.20M,412.08M,0.32,0.31,0,0,269.67M,2013-12,239.51M,41.06M,-46.38M,-46.38M,7.849B,1.363B,3.164B,103.53M,427.18M,60.27M,17.21M,559.88M,66.46M,3.063B,9.597B,641.27M,706.82M,955.43M,6.529B,8.890B,5.573B,166.15M,346.72M,250.04M
EVRG,2013-09,0,9.923M,317.25M,329.86M,1.04,1.04,0,0,377.72M,2013-09,237.59M,133.12M,-45.71M,-45.71M,7.650B,1.297B,3.164B,224.21M,387.41M,187.49M,52.39M,694.97M,54.24M,3.033B,9.606B,635.32M,694.27M,854.10M,6.569B,8.912B,5.715B,153.51M,321.59M,266.53M
EVRG,2013-06,0,3.973M,285.30M,437.77M,0.53,0.52,0,11.35B,284.29M,2013-06,239.50M,67.19M,-45.80M,-45.80M,7.557B,1.234B,3.164B,131.51M,317.00M,98.76M,29.31M,569.59M,54.48M,2.937B,9.484B,634.68M,664.48M,887.34M,6.544B,8.819B,5.657B,152.78M,267.40M,239.32M
EVRG,2013-03,0,5.643M,279.70M,170.79M,0.4,0.4,0,10.66B,266.51M,2013-03,236.99M,51.14M,-44.28M,-44.28M,7.435B,1.207B,3.264B,119.94M,420.25M,78.07M,24.81M,546.21M,48.94M,2.907B,9.390B,634.01M,623.68M,726.25M,6.467B,8.767B,5.741B,146.57M,332.17M,226.25M
EVRG,2012-12,0,5.829M,184.24M,365.14M,0.36,0.36,0,0,339.54M,2012-12,249.02M,45.61M,-44.45M,-44.45M,7.336B,1.198B,3.042B,107.78M,359.08M,66.68M,18.98M,523.77M,61.67M,2.896B,9.265B,632.52M,643.08M,846.14M,6.355B,8.622B,5.509B,231.76M,281.19M,224.44M
EVRG,2012-09,0,7.725M,326.51M,241.42M,1.1,1.09,0,0,369.25M,2012-09,249.28M,139.28M,-45.02M,-45.02M,7.181B,1.374B,3.062B,249.89M,328.18M,207.44M,66.37M,695.76M,54.30M,2.887B,9.137B,631.84M,678.19M,740.87M,6.238B,8.458B,5.497B,119.36M,256.88M,267.22M
EVRG,2012-06,0,12.64M,304.15M,394.26M,0.48,0.48,0,0,262.11M,2012-06,256.32M,62.73M,-44.82M,-44.82M,7.052B,1.300B,3.042B,133.10M,264.77M,92.80M,28.34M,566.26M,62.71M,2.784B,9.043B,631.12M,716.28M,850.79M,6.249B,8.327B,5.398B,129.01M,214.33M,277.49M
EVRG,2012-03,0,9.805M,283.70M,330.06M,0.21,0.21,0,0,191.98M,2012-03,254.60M,27.52M,-42.05M,-42.05M,6.885B,1.271B,2.894B,71.36M,376.12M,41.68M,12.44M,475.68M,47.33M,2.780B,8.841B,651.78M,631.85M,873.34M,6.052B,8.210B,5.179B,120.61M,283.10M,197.83M
EVRG,2011-12,0,3.539M,609.25M,314.41M,0.13,0.13,0,0,-123.02M,2011-12,229.12M,19.58M,-41.78M,-41.78M,6.745B,1.110B,2.740B,72.58M,357.78M,29.84M,8.532M,486.23M,52.46M,2.791B,8.683B,649.93M,633.58M,827.29M,5.882B,8.049B,5.055B,-195.60M,280.34M,231.76M
EVRG,2011-09,0,10.71M,199.54M,419.99M,1.15,1.14,0,0,478.61M,2011-09,209.28M,134.95M,-43.84M,-43.84M,6.618B,1.360B,2.742B,241.09M,287.50M,198.09M,61.70M,678.15M,27.50M,2.609B,8.390B,606.86M,604.91M,887.84M,5.772B,7.785B,4.884B,237.52M,219.31M,252.04M
EVRG,2011-06,0,16.72M,152.97M,497.99M,0.38,0.38,0,0,371.92M,2011-06,223.93M,44.13M,-43.30M,-43.30M,6.513B,1.305B,2.761B,107.61M,275.54M,65.12M,19.60M,524.89M,55.97M,2.484B,8.323B,600.02M,664.30M,972.09M,5.832B,7.659B,4.860B,264.31M,224.10M,281.11M
EVRG,2011-03,0,9.339M,134.18M,332.20M,0.27,0.27,0,0,347.54M,2011-03,220.64M,31.58M,-43.54M,-43.54M,6.381B,1.311B,2.764B,91.16M,342.18M,46.47M,13.51M,481.72M,48.77M,2.430B,8.163B,589.38M,575.90M,864.06M,5.727B,7.587B,4.863B,256.38M,247.13M,226.89M
