Ticker,Date,Accrued Comprehensive Inc,Cash and Short Term Investments,Cost of Goods Sold,Current Debt & Capital Lease Obligation,Current Deferred Liabilities,EPS Basic,EPS Diluted,Goodwill and Intangibles,Gross PP&E,Gross Profit,Income (Quarterly),Inventories,Net Income,Net Non-Operating Interest Income Expense,Net Operating Interest Income,Net PP&E,Non-Current Deferred Liabilities,Non-Current Portion of LTD and Capital Lease Obligation,Operating Income,Payables and Accrued Expenses,Pre-Tax Income,Provision for Income Taxes,Research and Development Expense,Revenue,SG&A Expense,Shareholders Equity,Total Assets,Total Capital Stock,Total Current Assets,Total Current Liabilities,Total Liabilities,Total Long Term Assets,Total Long Term Liabilities,Total Operating Expenses,Total Payables,Total Receivables
EW,2021-03,-172.40M,1.331B,293.40M,26.50M,0,0.54,0.54,1.501B,1.506B,923.20M,2021-03,767.90M,338.20M,0.30M,0.30M,1.506B,134.40M,662.30M,385.40M,772.50M,389.30M,51.10M,207.00M,1.217B,330.80M,4.658B,7.214B,637.50M,3.069B,799.00M,2.555B,4.144B,1.756B,537.80M,264.80M,664.30M
EW,2020-12,-161.10M,1.403B,296.30M,27.20M,0,0.5,0.49,1.505B,2.088B,895.40M,2020-12,802.30M,309.50M,0.50M,0.50M,1.489B,127.30M,667.70M,361.20M,529.90M,356.10M,46.60M,195.70M,1.192B,338.50M,4.574B,7.237B,636.40M,3.091B,893.90M,2.663B,4.146B,1.769B,534.20M,250.30M,602.80M
EW,2020-09,-157.90M,1.295B,281.00M,24.20M,0,0.52,0.52,1.502B,1.366B,859.90M,2020-09,773.30M,325.20M,0.80M,0.80M,1.366B,0,665.90M,357.20M,520.40M,364.30M,39.10M,195.50M,1.141B,307.20M,4.210B,6.801B,635.00M,2.980B,846.30M,2.590B,3.820B,1.744B,502.70M,264.60M,671.70M
EW,2020-06,-146.10M,1.164B,238.20M,23.80M,0,-0.2,-0.2,1.501B,1.280B,686.80M,2020-06,735.10M,-121.90M,1.80M,1.80M,1.280B,0,660.70M,229.80M,611.20M,-168.20M,-46.30M,182.10M,925.00M,274.90M,3.839B,6.424B,633.50M,2.690B,873.20M,2.585B,3.734B,1.712B,457.00M,271.70M,567.90M
EW,2020-03,-152.00M,1.031B,265.10M,24.90M,0,0.4967,0.49,1.501B,1.176B,863.60M,2020-03,662.20M,310.60M,4.50M,4.50M,1.176B,0,650.30M,368.40M,514.00M,364.50M,53.90M,187.40M,1.129B,307.80M,3.901B,6.076B,218.50M,2.508B,746.90M,2.175B,3.568B,1.428B,495.20M,284.70M,585.10M
EW,2019-12,-156.00M,1.517B,286.20M,25.50M,0,0.4467,0.44,1.504B,1.653B,887.90M,2019-12,640.90M,280.20M,4.30M,4.30M,1.140B,0,653.30M,346.80M,554.70M,315.50M,35.30M,193.90M,1.174B,347.20M,4.148B,6.488B,218.10M,2.984B,902.40M,2.340B,3.504B,1.437B,541.10M,198.00M,599.10M
EW,2019-09,-155.80M,1.357B,292.40M,24.10M,0,0.44,0.43,1.538B,1.047B,801.60M,2019-09,611.10M,274.70M,2.80M,2.80M,1.047B,0,646.60M,299.90M,449.70M,301.70M,27.00M,195.50M,1.094B,306.20M,3.815B,5.966B,217.50M,2.740B,775.80M,2.152B,3.227B,1.376B,501.70M,204.80M,570.00M
EW,2019-06,-138.20M,934.30M,304.00M,23.80M,0,0.39,0.38,1.560B,1.002B,782.90M,2019-06,624.90M,242.30M,2.40M,2.40M,1.002B,0,644.50M,282.50M,434.80M,271.30M,29.00M,191.90M,1.087B,308.50M,3.500B,5.574B,216.90M,2.355B,697.00M,2.073B,3.219B,1.376B,500.40M,196.30M,609.60M
EW,2019-03,-141.20M,963.00M,231.80M,22.60M,0,0.4,0.3933,1.445B,962.10M,761.20M,2019-03,630.90M,249.70M,2.00M,2.00M,962.10M,0,643.60M,309.50M,448.60M,278.00M,28.30M,171.40M,993.00M,280.30M,3.448B,5.469B,216.00M,2.369B,646.50M,2.022B,3.100B,1.375B,451.70M,204.80M,578.00M
EW,2018-12,-138.50M,956.50M,234.70M,0,0,0.01,0.01,1.455B,1.323B,743.00M,2018-12,607.00M,7.00M,1.80M,1.80M,867.50M,0,593.80M,291.80M,449.40M,-1.80M,-8.80M,163.10M,977.70M,288.10M,3.140B,5.324B,215.20M,2.287B,876.60M,2.183B,3.037B,1.307B,451.20M,0,537.30M
EW,2018-09,-139.00M,1.596B,224.90M,599.90M,0,0.36,0.3533,1.590B,1.092B,681.70M,2018-09,583.80M,225.90M,-0.50M,-0.50M,826.10M,0,593.60M,250.40M,427.90M,248.70M,22.80M,161.80M,906.60M,269.50M,3.361B,5.958B,214.80M,2.913B,1.261B,2.597B,3.046B,1.336B,431.30M,189.90M,530.10M
EW,2018-06,-150.80M,1.401B,246.20M,599.20M,0,0.45,0.44,1.585B,961.40M,697.50M,2018-06,568.10M,282.70M,0,0,770.20M,0,593.90M,268.50M,397.50M,251.00M,-31.70M,154.10M,943.70M,274.90M,3.164B,5.686B,214.00M,2.696B,1.183B,2.522B,2.990B,1.339B,429.00M,182.40M,520.10M
EW,2018-03,-121.30M,1.499B,233.60M,598.60M,0,0.3267,0.32,1.625B,0,661.20M,2018-03,573.90M,206.60M,0.80M,0.80M,711.60M,0,456.00M,262.00M,491.40M,263.50M,56.90M,143.20M,894.80M,256.00M,3.246B,5.825B,213.00M,2.717B,1.314B,2.579B,3.108B,1.265B,399.20M,292.80M,446.80M
EW,2017-12,-132.70M,1.338B,235.30M,598.00M,0,0.0567,0.0567,1.594B,0,653.20M,2017-12,554.90M,-2.80M,1.00M,1.00M,679.70M,0,438.40M,233.80M,481.10M,323.90M,326.70M,146.60M,888.50M,272.80M,2.956B,5.666B,212.00M,2.549B,1.42B,2.710B,3.117B,1.290B,419.40M,256.30M,479.30M
EW,2017-09,-142.70M,1.403B,213.30M,0,0,0.27,0.2633,1.395B,0,608.20M,2017-09,538.40M,170.10M,-0.10M,-0.10M,649.60M,0,1.034B,220.70M,445.50M,211.80M,41.70M,142.90M,821.50M,244.60M,3.162B,5.488B,211.60M,2.566B,735.20M,2.326B,2.922B,1.591B,387.50M,225.60M,475.00M
EW,2017-06,-157.80M,1.132B,211.10M,0,0,0.2933,0.2867,1.374B,0,630.70M,2017-06,491.60M,186.10M,-1.40M,-1.40M,627.90M,0,1.017B,251.80M,376.20M,205.60M,19.50M,134.40M,841.80M,243.80M,2.940B,5.138B,244.70M,2.283B,562.50M,2.199B,2.855B,1.636B,378.90M,205.80M,510.70M
EW,2017-03,-181.50M,918.20M,215.60M,0,0,0.3633,0.3533,1.347B,0,667.90M,2017-03,431.40M,230.20M,-2.40M,-2.40M,588.80M,0,847.90M,309.60M,443.90M,293.60M,63.40M,128.70M,883.50M,229.60M,2.743B,4.780B,243.20M,2.018B,584.80M,2.038B,2.762B,1.453B,358.30M,271.50M,510.20M
EW,2016-12,-198.40M,1.271B,213.20M,0,0,0.2467,0.2433,830.90M,0,554.50M,2016-12,396.60M,158.50M,-1.50M,-1.50M,580.00M,0,822.30M,206.00M,298.50M,200.40M,41.90M,114.90M,767.70M,233.60M,2.619B,4.51B,242.60M,2.24B,532.50M,1.891B,2.27B,1.358B,348.50M,138.30M,414.60M
EW,2016-09,-171.20M,1.200B,201.40M,0,0,0.22,0.2167,837.00M,0,538.00M,2016-09,401.00M,141.40M,-2.10M,-2.10M,543.70M,0,600.60M,195.40M,305.40M,185.20M,43.80M,113.00M,739.40M,229.60M,2.692B,4.339B,242.00M,2.171B,532.80M,1.647B,2.168B,1.114B,342.60M,129.60M,454.20M
EW,2016-06,-178.70M,1.060B,202.50M,0,0,0.2,0.1933,838.10M,0,556.80M,2016-06,367.60M,126.60M,-2.40M,-2.40M,516.20M,0,602.50M,181.00M,264.70M,169.00M,42.40M,147.00M,759.30M,228.80M,2.471B,4.051B,241.00M,1.985B,478.20M,1.580B,2.066B,1.102B,375.80M,127.40M,425.80M
EW,2016-03,-172.60M,951.80M,180.30M,13.60M,10.10M,0.2233,0.22,834.60M,854.30M,517.00M,2016-03,356.60M,143.00M,-2.40M,-2.40M,497.30M,0,602.20M,202.50M,266.60M,183.30M,40.30M,101.80M,697.30M,212.70M,2.299B,3.854B,239.80M,1.819B,458.30M,1.554B,2.034B,1.096B,314.50M,120.90M,388.50M
EW,2015-12,-182.60M,1.225B,175.90M,0,10.50M,0.2167,0.2133,833.70M,808.30M,495.20M,2015-12,339.90M,140.70M,-2.60M,-2.60M,482.50M,0,596.90M,174.90M,257.00M,167.00M,26.30M,98.00M,671.10M,222.30M,2.503B,4.056B,239.10M,2.048B,476.20M,1.553B,2.008B,1.077B,320.30M,112.90M,371.80M
EW,2015-09,-169.20M,1.250B,146.70M,0,10.50M,0.1833,0.18,828.50M,764.70M,468.80M,2015-09,333.50M,118.10M,-2.50M,-2.50M,454.80M,0,604.90M,155.80M,290.30M,150.70M,32.60M,101.00M,615.50M,212.00M,2.421B,3.877B,130.20M,2.146B,532.50M,1.455B,1.731B,922.70M,313.00M,114.80M,338.40M
EW,2015-06,-146.60M,1.409B,158.60M,0,7.10M,0.1733,0.17,389.80M,0,458.20M,2015-06,313.30M,112.70M,-1.80M,-1.80M,450.60M,0,600.30M,146.80M,237.70M,142.20M,29.50M,97.50M,616.80M,213.90M,2.289B,3.608B,129.90M,2.297B,445.20M,1.320B,1.311B,874.50M,311.40M,107.20M,351.00M
EW,2015-03,-147.90M,1.371B,136.00M,0,7.20M,0.19,0.1867,388.90M,0,454.30M,2015-03,298.50M,123.40M,-2.40M,-2.40M,445.10M,0,602.70M,165.40M,241.90M,162.50M,39.10M,86.40M,590.30M,202.50M,2.214B,3.488B,129.40M,2.255B,405.30M,1.274B,1.234B,869.20M,288.90M,115.00M,345.30M
EW,2014-12,-100.90M,1.439B,160.40M,0,0,0.17,0.1667,399.40M,0,457.60M,2014-12,296.80M,109.20M,-1.70M,-1.70M,442.90M,0,598.10M,140.30M,216.80M,132.90M,23.70M,94.20M,618.00M,223.10M,2.191B,3.523B,128.90M,2.231B,426.10M,1.332B,1.292B,905.50M,317.30M,100.00M,325.00M
EW,2014-09,-70.60M,1.515B,168.10M,0,0,0.1483,0.145,404.80M,0,439.30M,2014-09,303.60M,94.60M,-2.50M,-2.50M,429.30M,0,596.40M,129.50M,240.90M,120.60M,26.00M,87.60M,607.40M,222.20M,2.043B,3.35B,128.00M,2.309B,427.80M,1.307B,1.041B,878.80M,309.80M,101.40M,322.90M
EW,2014-06,-41.10M,1.484B,151.20M,0,0,0.8633,0.8483,413.80M,0,423.90M,2014-06,317.10M,547.00M,-3.10M,-3.10M,422.50M,0,598.00M,119.30M,540.50M,813.20M,266.20M,89.10M,575.10M,215.50M,1.915B,3.327B,127.10M,2.278B,540.50M,1.412B,1.048B,871.20M,304.60M,87.10M,327.50M
EW,2014-03,-32.40M,831.60M,145.90M,0,0,0.095,0.0933,417.00M,0,376.50M,2014-03,308.00M,60.30M,-3.50M,-3.50M,418.70M,0,725.40M,93.50M,356.20M,77.30M,17.00M,85.80M,522.40M,197.20M,1.341B,2.652B,126.40M,1.603B,356.20M,1.311B,1.048B,954.70M,283.00M,0,305.10M
EW,2013-12,-27.60M,936.90M,143.80M,0,0,0.115,0.1133,418.90M,0,392.20M,2013-12,308.90M,75.10M,-4.00M,-4.00M,421.60M,0,593.10M,127.00M,210.20M,100.30M,25.20M,78.60M,536.00M,186.60M,1.544B,2.710B,126.00M,1.726B,345.60M,1.166B,984.10M,819.90M,265.20M,0,328.00M
EW,2013-09,-42.90M,757.60M,128.20M,0,8.70M,0.115,0.1133,446.90M,694.50M,367.40M,2013-09,313.90M,76.80M,-1.00M,-1.00M,409.00M,0,532.10M,105.50M,335.10M,99.80M,23.00M,84.10M,495.60M,177.80M,1.437B,2.531B,125.70M,1.570B,335.10M,1.093B,960.20M,758.10M,261.90M,115.20M,327.80M
EW,2013-06,-48.00M,575.00M,123.60M,0,8.60M,0.1383,0.135,446.10M,604.10M,393.60M,2013-06,299.50M,93.30M,-0.40M,-0.40M,399.20M,0,227.30M,126.50M,314.20M,120.50M,27.20M,80.50M,517.20M,186.60M,1.580B,2.340B,125.40M,1.391B,314.20M,759.90M,949.10M,445.70M,267.10M,122.50M,341.80M
EW,2013-03,-52.00M,557.90M,121.00M,0,0,0.21,0.2067,445.70M,0,375.70M,2013-03,288.50M,143.90M,0.20M,0.20M,385.40M,0,192.70M,113.50M,300.40M,190.60M,46.70M,79.80M,496.70M,182.40M,1.592B,2.297B,124.70M,1.361B,300.40M,704.60M,935.90M,404.20M,262.20M,0,329.70M
EW,2012-12,-37.90M,521.40M,122.20M,0,0,0.1317,0.1283,451.70M,0,388.30M,2012-12,281.00M,89.40M,0,0,373.30M,0,189.30M,143.40M,224.20M,119.30M,29.90M,74.90M,510.50M,170.00M,1.479B,2.222B,124.20M,1.292B,347.40M,742.20M,929.60M,394.80M,244.90M,0,347.50M
EW,2012-09,-37.10M,622.50M,111.70M,0,0,0.1,0.0967,409.40M,0,336.20M,2012-09,286.00M,69.20M,0.30M,0.30M,328.70M,0,175.40M,94.60M,298.60M,93.40M,24.20M,73.80M,447.90M,167.80M,1.536B,2.196B,123.90M,1.388B,298.60M,659.50M,808.10M,360.90M,241.60M,0,325.40M
EW,2012-06,-51.00M,506.00M,129.80M,0,0,0.0983,0.095,411.50M,0,352.20M,2012-06,265.40M,67.80M,0.10M,0.10M,315.80M,0,185.10M,95.80M,284.30M,89.90M,22.10M,74.00M,482.00M,182.40M,1.435B,2.075B,123.00M,1.279B,284.30M,640.50M,796.30M,356.20M,256.40M,0,336.40M
EW,2012-03,-24.60M,409.50M,127.30M,0,0,0.095,0.0917,414.90M,0,331.90M,2012-03,268.30M,65.10M,0,0,308.20M,0,179.40M,86.10M,265.20M,85.60M,20.50M,68.60M,459.20M,177.20M,1.390B,2.004B,121.10M,1.188B,265.20M,613.90M,816.20M,348.70M,245.80M,0,346.70M
EW,2011-12,-37.50M,450.50M,119.60M,0,0,0.0917,0.0883,416.70M,0,310.60M,2011-12,261.30M,63.10M,0,0,304.30M,0,150.40M,86.50M,213.40M,68.60M,5.50M,60.70M,430.20M,163.40M,1.338B,1.980B,120.00M,1.168B,335.20M,642.60M,812.00M,307.40M,224.10M,0,320.70M
EW,2011-09,-23.20M,451.10M,125.60M,0,0,0.075,0.0717,420.00M,0,287.10M,2011-09,247.90M,51.60M,0,0,286.40M,0,175.00M,59.90M,302.00M,57.60M,6.00M,61.70M,412.70M,165.50M,1.355B,1.983B,119.50M,1.182B,302.00M,628.30M,801.00M,326.30M,227.20M,0,346.80M
EW,2011-06,-9.50M,468.20M,127.80M,0,0,0.085,0.08,422.80M,0,303.40M,2011-06,229.40M,58.10M,0.30M,0.30M,281.00M,0,174.80M,75.30M,313.30M,72.80M,14.70M,64.90M,431.20M,163.20M,1.385B,2.002B,118.80M,1.217B,313.30M,617.20M,785.60M,303.90M,228.10M,0,364.10M
