Ticker,Date,Accrued Comprehensive Inc,Cash and Short Term Investments,Cost of Goods Sold,Current Debt & Capital Lease Obligation,Current Deferred Liabilities,EPS Basic,EPS Diluted,Goodwill and Intangibles,Gross PP&E,Gross Profit,Income (Quarterly),Inventories,Net Income,Net Non-Operating Interest Income Expense,Net Operating Interest Income,Net PP&E,Non-Current Deferred Liabilities,Non-Current Portion of LTD and Capital Lease Obligation,Operating Income,Payables and Accrued Expenses,Pre-Tax Income,Provision for Income Taxes,Revenue,SG&A Expense,Shareholders Equity,Total Assets,Total Capital Stock,Total Current Assets,Total Current Liabilities,Total Liabilities,Total Long Term Assets,Total Long Term Liabilities,Total Operating Expenses,Total Payables,Total Receivables
F,2020-12,-8.294B,49.96B,33.08B,51.67B,2.161B,-0.7,-0.7,442.00M,69.93B,2.877B,2020-12,10.81B,-2.788B,-383.00M,-383.00M,37.08B,5.097B,111.33B,-2.442B,23.42B,-3.81B,-1.019B,35.95B,3.53B,30.69B,267.26B,41.00M,116.74B,97.19B,236.45B,150.52B,139.26B,5.319B,22.20B,52.39B
F,2020-09,-8.613B,44.83B,31.22B,133.60B,2.137B,0.6,0.6,0,67.49B,6.278B,2020-09,10.58B,2.385B,-412.00M,-412.00M,36.12B,4.891B,24.96B,2.351B,22.65B,2.756B,366.00M,37.50B,2.266B,33.12B,259.94B,41.00M,111.76B,175.43B,226.78B,148.18B,51.35B,3.927B,21.47B,51.96B
F,2020-06,-8.471B,57.13B,17.93B,55.68B,2.021B,0.28,0.28,0,66.42B,1.439B,2020-06,10.22B,1.117B,-316.00M,-316.00M,35.28B,4.711B,120.80B,-2.759B,17.48B,1.084B,-34.00M,19.37B,1.965B,30.82B,269.37B,41.00M,124.11B,92.78B,238.51B,145.26B,145.73B,4.198B,16.36B,51.83B
F,2020-03,-8.461B,46.37B,30.52B,53.27B,2.111B,-0.5,-0.5,0,0,3.798B,2020-03,11.31B,-1.993B,-88.00M,-88.00M,35.29B,4.579B,115.42B,-1.558B,19.26B,-1.146B,847.00M,34.32B,2.432B,29.65B,264.15B,41.00M,124.28B,94.49B,234.45B,139.87B,139.96B,5.356B,18.44B,61.51B
F,2019-12,-7.728B,34.65B,34.81B,54.31B,2.091B,-0.42,-0.42,0,0,4.903B,2019-12,10.79B,-1.672B,-61.00M,-61.00M,36.47B,4.681B,102.41B,-457.00M,21.80B,-2.436B,-764.00M,39.72B,2.992B,33.18B,258.54B,41.00M,114.05B,98.13B,225.31B,144.49B,127.18B,5.36B,20.67B,62.89B
F,2019-09,-7.842B,37.33B,32.28B,54.91B,2.57B,0.11,0.11,0,0,4.708B,2019-09,12.45B,425.00M,-79.00M,-79.00M,35.40B,4.615B,100.46B,-261.00M,23.09B,-19.00M,-442.00M,36.99B,2.601B,35.35B,258.16B,41.00M,115.75B,99.09B,222.77B,142.40B,123.68B,4.969B,22.23B,61.80B
F,2019-06,-7.436B,38.05B,33.66B,53.18B,2.732B,0.04,0.04,0,0,5.196B,2019-06,12.44B,148.00M,-38.00M,-38.00M,36.58B,4.653B,104.23B,90.00M,24.03B,205.00M,55.00M,38.85B,2.725B,36.10B,262.18B,41.00M,118.35B,98.33B,226.05B,143.83B,127.71B,5.106B,22.98B,64.70B
F,2019-03,-7.501B,37.73B,33.94B,54.88B,2.019B,0.29,0.29,0,0,6.40B,2019-03,12.33B,1.146B,-62.00M,-62.00M,36.14B,4.751B,103.64B,1.202B,24.16B,1.61B,427.00M,40.34B,2.843B,36.40B,263.28B,41.00M,121.20B,99.24B,226.85B,142.09B,127.61B,5.198B,23.32B,67.46B
F,2018-12,-7.366B,33.95B,35.75B,53.49B,2.095B,-0.02,-0.03,0,0,6.039B,2018-12,11.22B,-116.00M,-105.00M,-105.00M,36.18B,4.582B,100.72B,632.00M,22.51B,-17.00M,95.00M,41.79B,2.996B,35.93B,256.54B,41.00M,114.65B,95.57B,220.57B,141.89B,125.00B,5.407B,21.52B,65.55B
F,2018-09,-7.429B,36.34B,31.57B,59.80B,2.833B,0.25,0.25,0,0,6.098B,2018-09,12.81B,991.00M,-179.00M,-179.00M,35.76B,4.559B,93.64B,864.00M,24.07B,1.094B,101.00M,37.67B,2.882B,36.59B,258.97B,41.00M,114.84B,103.78B,222.35B,144.12B,118.56B,5.234B,23.27B,62.06B
F,2018-06,-7.204B,36.48B,33.19B,59.92B,2.854B,0.27,0.27,288.00M,65.19B,5.726B,2018-06,12.56B,1.066B,-102.00M,-102.00M,35.58B,4.521B,92.93B,586.00M,23.75B,1.349B,280.00M,38.92B,2.778B,36.44B,258.08B,41.00M,115.02B,103.89B,221.61B,143.05B,117.72B,5.14B,22.74B,62.38B
F,2018-03,-6.669B,40.07B,35.75B,52.98B,2.336B,0.44,0.43,0,59.88B,6.206B,2018-03,12.37B,1.736B,-142.00M,-142.00M,36.12B,4.517B,105.35B,1.121B,26.40B,1.919B,174.00M,41.96B,2.747B,36.40B,267.23B,41.00M,123.26B,99.88B,230.79B,143.97B,130.92B,5.085B,25.48B,67.07B
F,2017-12,-6.959B,38.93B,28.32B,51.62B,2.107B,0.63,0.63,0,0,13.00B,2017-12,11.18B,2.52B,-171.00M,-171.00M,35.33B,4.644B,102.67B,867.00M,24.34B,1.872B,-652.00M,41.33B,3.088B,35.58B,258.50B,41.00M,116.80B,94.60B,222.89B,141.70B,128.29B,12.14B,23.28B,62.81B
F,2017-09,-6.759B,38.08B,32.53B,51.17B,2.409B,0.4,0.39,0,0,3.917B,2017-09,11.26B,1.572B,-176.00M,-176.00M,34.76B,4.61B,97.94B,998.00M,24.40B,1.77B,191.00M,36.45B,2.919B,33.24B,251.27B,41.00M,112.73B,94.35B,218.01B,138.54B,123.66B,2.919B,23.57B,59.82B
F,2017-06,-6.716B,39.11B,35.54B,50.77B,2.443B,0.51,0.51,0,0,4.308B,2017-06,11.09B,2.047B,-182.00M,-182.00M,33.79B,4.567B,95.24B,1.552B,24.60B,2.266B,211.00M,39.85B,2.756B,32.24B,247.47B,41.00M,113.54B,94.30B,215.21B,133.93B,120.91B,2.756B,23.57B,60.05B
F,2017-03,-6.929B,39.99B,32.70B,49.26B,1.902B,0.4,0.4,0,0,6.446B,2017-03,10.54B,1.592B,-200.00M,-200.00M,32.67B,4.448B,96.72B,1.464B,24.10B,2.251B,652.00M,39.15B,2.764B,30.62B,244.09B,41.00M,113.23B,91.30B,213.45B,130.87B,122.15B,4.982B,23.26B,59.29B
F,2016-12,-7.013B,38.83B,32.49B,49.67B,3.866B,-0.19,-0.2,0,0,6.166B,2016-12,8.898B,-790.00M,-246.00M,-246.00M,32.07B,4.378B,93.30B,996.00M,22.27B,-1.129B,-341.00M,38.65B,2.841B,29.17B,237.95B,41.00M,108.46B,90.28B,208.76B,129.49B,118.48B,5.17B,21.30B,57.37B
F,2016-09,-6.046B,34.16B,30.67B,47.27B,4.715B,0.24,0.24,0,0,5.275B,2016-09,10.22B,957.00M,-163.00M,-163.00M,32.26B,4.216B,89.95B,418.00M,23.14B,1.387B,426.00M,35.94B,2.657B,31.48B,234.96B,41.00M,103.52B,89.19B,203.46B,131.45B,114.28B,4.857B,22.38B,55.58B
F,2016-06,-5.976B,39.30B,32.52B,44.86B,5.639B,0.5,0.49,0,0,6.963B,2016-06,9.829B,1.97B,-124.00M,-124.00M,31.94B,4.051B,95.05B,1.921B,24.03B,2.875B,903.00M,39.48B,2.784B,31.14B,239.68B,41.00M,110.77B,89.41B,208.52B,128.91B,119.12B,5.042B,23.08B,58.59B
F,2016-03,-6.046B,39.47B,30.52B,54.34B,5.02B,0.62,0.61,0,0,7.201B,2016-03,9.77B,2.452B,-124.00M,-124.00M,31.16B,3.545B,86.66B,2.451B,22.30B,3.651B,1.196B,37.72B,2.69B,29.60B,237.29B,41.00M,154.78B,95.71B,207.67B,82.51B,111.95B,4.75B,22.07B,105.53B
F,2015-12,-6.257B,35.18B,34.44B,42.98B,4.675B,0.47,0.46,86.00M,57.97B,5.816B,2015-12,8.319B,1.868B,-111.00M,-111.00M,30.16B,3.787B,89.88B,450.00M,21.11B,1.896B,32.00M,40.25B,3.361B,28.64B,224.92B,41.00M,102.59B,82.34B,196.27B,122.34B,113.93B,5.366B,20.27B,56.18B
F,2015-09,-20.44B,31.85B,31.21B,46.03B,4.906B,0.55,0.55,0,59.26B,6.931B,2015-09,9.496B,2.192B,-130.00M,-130.00M,30.14B,3.403B,80.39B,2.64B,22.58B,3.291B,1.099B,38.14B,2.386B,27.46B,219.43B,41.00M,139.92B,85.93B,191.95B,79.51B,106.02B,4.291B,22.39B,98.58B
F,2015-06,-20.26B,31.30B,30.33B,45.93B,5.393B,0.54,0.54,0,59.09B,6.937B,2015-06,9.438B,2.16B,-107.00M,-107.00M,30.75B,3.403B,77.59B,2.648B,22.08B,3.286B,1.125B,37.26B,2.544B,26.33B,216.04B,41.00M,136.23B,86.16B,189.69B,79.82B,103.53B,4.289B,21.84B,95.49B
F,2015-03,-20.41B,33.10B,29.12B,45.30B,4.301B,0.29,0.29,0,0,4.781B,2015-03,9.519B,1.153B,-113.00M,-113.00M,29.61B,3.272B,77.48B,1.243B,22.52B,1.779B,625.00M,33.90B,3.465B,24.95B,212.37B,41.00M,134.79B,84.41B,187.40B,77.58B,102.99B,3.538B,22.37B,92.17B
F,2014-12,-5.265B,31.15B,30.53B,39.17B,3.911B,-0.49,-0.49,0,0,5.344B,2014-12,7.87B,-1.904B,-43.00M,-43.00M,30.13B,3.256B,80.00B,-2.827B,20.26B,-3.164B,-1.257B,35.87B,1.51B,24.44B,208.62B,40.00M,131.84B,77.12B,184.15B,76.78B,107.03B,8.171B,20.04B,92.82B
F,2014-09,-18.16B,33.96B,30.87B,47.44B,4.272B,0.22,0.21,0,0,4.05B,2014-09,9.296B,835.00M,-127.00M,-127.00M,30.05B,3.198B,71.76B,492.00M,21.34B,1.021B,188.00M,34.92B,3.484B,26.14B,208.84B,40.00M,134.28B,86.84B,182.67B,74.55B,95.83B,3.558B,21.16B,91.02B
F,2014-06,-18.11B,35.67B,31.93B,46.56B,4.281B,0.33,0.32,0,0,5.481B,2014-06,9.365B,1.311B,-147.00M,-147.00M,29.29B,3.229B,72.15B,1.901B,22.30B,2.118B,803.00M,37.41B,3.476B,26.78B,210.94B,40.00M,137.91B,87.50B,184.14B,73.03B,96.63B,3.58B,22.06B,92.88B
F,2014-03,-18.19B,36.53B,31.70B,44.97B,2.592B,0.25,0.24,0,0,4.177B,2014-03,8.874B,989.00M,-140.00M,-140.00M,28.45B,3.106B,72.03B,766.00M,22.40B,1.259B,270.00M,35.88B,3.372B,26.77B,207.08B,40.00M,135.26B,83.62B,180.28B,71.82B,96.66B,3.411B,22.21B,89.86B
F,2013-12,-18.23B,36.57B,28.32B,38.06B,2.817B,1.99,1.92,0,0,9.252B,2013-12,7.708B,7.837B,-164.00M,-164.00M,27.62B,3.132B,76.62B,7.895B,19.79B,8.338B,511.00M,37.57B,1.288B,26.11B,202.18B,40.00M,131.58B,74.13B,176.03B,70.59B,101.90B,1.357B,19.53B,87.31B
F,2013-09,-21.51B,37.64B,30.79B,45.23B,3.232B,0.32,0.31,0,0,4.983B,2013-09,8.799B,1.272B,-154.00M,-154.00M,26.84B,3.14B,65.39B,1.702B,21.88B,2.091B,818.00M,35.78B,3.235B,20.47B,201.07B,40.00M,131.65B,83.29B,180.56B,69.42B,97.27B,3.281B,21.64B,85.11B
F,2013-06,-21.84B,36.71B,33.23B,44.71B,3.443B,0.31,0.3,82.00M,57.78B,4.694B,2013-06,8.192B,1.233B,-150.00M,-150.00M,25.86B,2.812B,63.15B,1.438B,21.21B,1.819B,585.00M,37.92B,3.203B,19.18B,196.21B,40.00M,128.52B,81.64B,176.99B,67.69B,95.35B,3.256B,20.96B,83.36B
F,2013-03,-22.53B,34.34B,30.71B,39.55B,2.432B,0.41,0.4,84.00M,55.24B,4.938B,2013-03,8.423B,1.611B,-148.00M,-148.00M,25.80B,2.711B,67.81B,1.774B,20.83B,2.123B,511.00M,35.65B,3.124B,17.60B,193.01B,40.00M,126.54B,74.68B,175.37B,66.47B,100.70B,3.164B,20.60B,83.21B
F,2012-12,-22.85B,35.94B,32.31B,38.76B,2.796B,0.4,0.39,89.00M,0,3.419B,2012-12,7.362B,1.546B,-74.00M,-74.00M,24.94B,2.514B,66.30B,609.00M,19.58B,1.759B,216.00M,35.73B,2.749B,15.95B,189.41B,40.00M,125.17B,73.43B,173.42B,64.23B,99.99B,2.81B,19.31B,81.87B
F,2012-09,-18.54B,51.65B,27.41B,15.78B,3.012B,0.43,0.41,95.00M,0,4.758B,2012-09,8.208B,1.631B,-113.00M,-113.00M,24.35B,2.535B,84.83B,1.784B,21.04B,2.246B,613.00M,32.17B,2.919B,18.84B,184.68B,39.00M,138.93B,51.63B,165.47B,45.75B,113.84B,2.974B,20.79B,79.07B
F,2012-06,-18.93B,50.78B,28.67B,13.64B,2.494B,0.27,0.26,97.00M,0,4.543B,2012-06,7.289B,1.04B,-102.00M,-102.00M,22.81B,595.00M,72.07B,1.583B,63.66B,1.595B,557.00M,33.21B,2.983B,17.04B,181.24B,39.00M,136.32B,77.30B,164.16B,44.92B,86.85B,2.96B,19.66B,78.25B
F,2012-03,-18.31B,49.50B,27.76B,16.17B,2.216B,0.37,0.35,100.00M,0,4.685B,2012-03,7.031B,1.396B,-82.00M,-82.00M,23.15B,2.415B,84.32B,1.823B,25.31B,2.038B,640.00M,32.44B,2.878B,16.61B,182.08B,39.00M,136.34B,50.97B,165.42B,45.74B,114.46B,2.862B,19.64B,79.80B
F,2011-12,-18.73B,35.77B,33.58B,40.31B,0,3.59,3.32,100.00M,0,338.00M,2011-12,5.901B,13.62B,2.694B,2.694B,22.37B,2.435B,59.18B,-2.008B,17.98B,1.453B,-12.16B,33.92B,2.382B,15.03B,178.35B,38.00M,120.21B,73.04B,163.28B,58.14B,90.24B,2.346B,17.72B,78.54B
F,2011-09,-14.27B,45.52B,27.62B,11.50B,0,0.43,0.41,103.00M,0,5.43B,2011-09,7.212B,1.649B,-966.00M,-966.00M,22.30B,1.109B,78.57B,2.569B,60.50B,1.846B,194.00M,33.05B,2.861B,5.982B,162.74B,38.00M,129.56B,76.92B,156.71B,33.18B,79.79B,2.861B,19.05B,76.82B
F,2011-06,-13.24B,45.68B,29.25B,10.15B,0,0.63,0.59,98.00M,0,6.274B,2011-06,7.036B,2.398B,-969.00M,-969.00M,23.26B,1.371B,83.08B,3.346B,62.95B,2.606B,206.00M,35.53B,2.907B,5.309B,168.09B,38.00M,133.21B,78.16B,162.74B,34.88B,84.58B,2.928B,19.68B,80.50B
F,2011-03,-13.68B,46.10B,26.78B,10.87B,0,0.68,0.61,0,0,6.338B,2011-03,7.414B,2.551B,-1.065B,-1.065B,23.41B,1.212B,85.48B,3.604B,62.44B,2.776B,220.00M,33.11B,2.734B,2.426B,167.39B,38.00M,133.22B,78.24B,164.93B,34.17B,86.69B,2.734B,20.35B,79.70B
