Ticker,Date,Accrued Comprehensive Inc,Cash and Short Term Investments,Cost of Goods Sold,Current Debt & Capital Lease Obligation,Current Deferred Liabilities,EPS Basic,EPS Diluted,Goodwill and Intangibles,Gross PP&E,Gross Profit,Income (Quarterly),Inventories,Net Income,Net Non-Operating Interest Income Expense,Net Operating Interest Income,Net PP&E,Non-Current Deferred Liabilities,Non-Current Portion of LTD and Capital Lease Obligation,Operating Income,Payables and Accrued Expenses,Pre-Tax Income,Provision for Income Taxes,Revenue,SG&A Expense,Shareholders Equity,Total Assets,Total Capital Stock,Total Current Assets,Total Current Liabilities,Total Liabilities,Total Long Term Assets,Total Long Term Liabilities,Total Operating Expenses,Total Payables,Total Receivables
FAST,2021-03,-25.60M,333.90M,773.60M,133.10M,0,0.37,0.37,0,1.272B,643.40M,2021-03,1.305B,210.60M,-2.40M,-2.40M,1.272B,102.60M,523.90M,280.30M,528.10M,277.90M,67.30M,1.417B,363.10M,2.787B,4.074B,2.90M,2.614B,661.20M,1.288B,1.460B,626.50M,363.10M,262.30M,851.00M
FAST,2020-12,-21.20M,245.70M,739.20M,133.60M,0,0.34,0.34,0,2.328B,618.80M,2020-12,1.338B,196.10M,-2.20M,-2.20M,1.274B,102.30M,516.50M,264.10M,462.90M,262.20M,66.10M,1.358B,354.70M,2.733B,3.965B,2.90M,2.500B,612.70M,1.232B,1.465B,618.80M,354.70M,261.30M,769.40M
FAST,2020-09,-41.80M,331.80M,772.70M,134.40M,0,0.39,0.38,0,1.268B,640.60M,2020-09,1.343B,221.50M,-2.50M,-2.50M,1.268B,102.90M,517.10M,289.10M,468.60M,287.60M,66.10M,1.413B,351.50M,2.886B,4.109B,2.90M,2.647B,603.00M,1.223B,1.462B,620.00M,351.50M,210.40M,834.50M
FAST,2020-06,-52.90M,201.50M,837.40M,96.70M,0,0.42,0.42,0,1.282B,671.60M,2020-06,1.402B,238.90M,-2.30M,-2.30M,1.282B,100.30M,563.00M,316.30M,534.60M,313.70M,74.80M,1.509B,355.30M,2.783B,4.085B,2.90M,2.606B,631.30M,1.302B,1.479B,670.90M,355.30M,296.40M,881.50M
FAST,2020-03,-63.40M,160.70M,730.20M,101.30M,0,0.35,0.35,0,1.270B,636.80M,2020-03,1.346B,202.60M,-2.10M,-2.10M,1.270B,99.90M,597.80M,271.30M,479.10M,269.20M,66.60M,1.367B,365.50M,2.657B,3.935B,2.90M,2.464B,580.40M,1.278B,1.470B,697.70M,365.50M,251.60M,833.90M
FAST,2019-12,-38.40M,174.90M,678.50M,100.40M,0,0.31,0.31,0,2.210B,598.40M,2019-12,1.366B,178.70M,-2.50M,-2.50M,1.266B,99.40M,490.20M,238.50M,430.50M,236.40M,57.70M,1.277B,359.90M,2.666B,3.800B,2.90M,2.457B,544.70M,1.134B,1.343B,589.60M,359.90M,260.20M,741.80M
FAST,2019-09,-49.00M,191.20M,728.00M,98.60M,0,0.37,0.37,0,1.236B,651.10M,2019-09,1.355B,213.50M,-3.50M,-3.50M,1.236B,86.60M,586.80M,281.90M,456.50M,278.40M,64.90M,1.379B,369.20M,2.586B,3.814B,2.90M,2.501B,555.10M,1.228B,1.313B,673.40M,369.20M,215.20M,817.30M
FAST,2019-06,-39.40M,175.00M,727.20M,98.10M,0,0.36,0.36,0,1.210B,641.20M,2019-06,1.346B,204.60M,-3.60M,-3.60M,1.210B,86.70M,638.10M,274.50M,429.80M,271.40M,66.80M,1.368B,366.70M,2.504B,3.756B,2.90M,2.468B,527.90M,1.253B,1.288B,724.80M,366.70M,203.80M,819.80M
FAST,2019-03,-41.10M,185.40M,684.60M,96.20M,0,0.34,0.34,0,1.164B,624.70M,2019-03,1.294B,194.10M,-3.90M,-3.90M,1.164B,85.00M,615.00M,261.10M,458.40M,257.50M,63.40M,1.309B,363.60M,2.397B,3.652B,2.90M,2.389B,554.60M,1.255B,1.263B,700.00M,363.60M,225.60M,793.00M
FAST,2018-12,-44.80M,167.20M,643.80M,3.00M,0,0.295,0.295,0,1.746B,587.80M,2018-12,1.279B,168.80M,-3.60M,-3.60M,924.80M,84.40M,497.00M,233.40M,421.40M,229.80M,61.00M,1.232B,354.40M,2.303B,3.322B,2.90M,2.316B,437.40M,1.019B,1.005B,581.40M,354.40M,257.20M,714.30M
FAST,2018-09,-36.70M,129.70M,664.00M,2.50M,0,0.34,0.34,0,1.605B,615.80M,2018-09,1.195B,197.60M,-2.90M,-2.90M,883.80M,74.70M,387.50M,262.00M,413.60M,259.40M,61.80M,1.280B,353.80M,2.316B,3.194B,2.90M,2.226B,416.10M,878.30M,968.40M,462.20M,353.80M,186.00M,772.50M
FAST,2018-06,-35.90M,135.50M,650.20M,2.50M,0,0.37,0.37,0,1.499B,617.70M,2018-06,1.163B,211.20M,-3.10M,-3.10M,880.10M,70.00M,422.50M,268.40M,378.50M,265.90M,54.70M,1.268B,349.30M,2.227B,3.100B,2.90M,2.141B,381.00M,873.50M,959.40M,492.50M,349.30M,174.10M,733.70M
FAST,2018-03,-23.10M,137.10M,608.20M,13.10M,0,0.305,0.305,0,0,577.60M,2018-03,1.135B,174.30M,-2.60M,-2.60M,889.00M,62.70M,391.90M,234.90M,389.90M,231.90M,57.60M,1.186B,342.70M,2.172B,3.030B,2.90M,2.060B,403.00M,857.60M,969.30M,454.60M,342.70M,190.20M,688.60M
FAST,2017-12,-25.10M,116.90M,557.30M,3.00M,0,0.265,0.265,0,0,531.20M,2017-12,1.093B,152.40M,-2.50M,-2.50M,893.60M,50.60M,412.00M,203.40M,337.40M,200.80M,48.40M,1.088B,327.80M,2.097B,2.910B,2.90M,1.936B,351.00M,813.60M,974.80M,462.60M,327.80M,205.10M,607.80M
FAST,2017-09,-28.10M,133.40M,576.90M,8.00M,0,0.25,0.25,0,0,555.90M,2017-09,1.047B,143.10M,-2.50M,-2.50M,889.30M,82.90M,432.00M,228.40M,352.40M,226.00M,82.90M,1.133B,327.50M,2.026B,2.902B,2.90M,1.930B,360.40M,875.30M,971.40M,514.90M,327.50M,153.70M,632.10M
FAST,2017-06,-36.30M,115.10M,563.00M,8.80M,0,0.26,0.26,0,0,558.50M,2017-06,1.044B,148.90M,-2.10M,-2.10M,895.20M,81.40M,436.20M,236.90M,333.50M,235.40M,86.50M,1.122B,321.60M,1.992B,2.851B,2.90M,1.873B,342.30M,859.90M,978.50M,517.60M,321.60M,153.10M,613.50M
FAST,2017-03,-44.40M,134.30M,529.70M,10.90M,0,0.23,0.23,0,0,518.00M,2017-03,1.007B,134.20M,-1.60M,-1.60M,890.70M,81.00M,354.10M,212.10M,358.70M,210.90M,76.70M,1.048B,305.90M,1.982B,2.786B,2.90M,1.811B,369.60M,804.70M,975.70M,435.10M,305.90M,195.20M,574.70M
FAST,2016-12,-47.30M,112.70M,476.00M,10.50M,0,0.2,0.2,0,0,471.90M,2016-12,993.00M,114.80M,-1.70M,-1.70M,899.70M,80.60M,379.50M,182.30M,256.50M,180.80M,66.00M,947.90M,289.60M,1.933B,2.669B,2.90M,1.721B,275.70M,735.80M,948.10M,460.10M,289.60M,152.20M,499.70M
FAST,2016-09,-37.14M,146.98M,513.30M,12.61M,0,0.22,0.22,0,0,499.80M,2016-09,966.93M,126.90M,-1.70M,-1.70M,904.20M,57.72M,432.39M,202.70M,318.46M,201.20M,74.30M,1.013B,297.10M,1.909B,2.730B,2.89M,1.778B,331.06M,821.17M,952.81M,490.10M,297.10M,129.44M,543.74M
FAST,2016-06,-34.24M,155.46M,512.70M,67.61M,0,0.23,0.225,0,0,501.60M,2016-06,985.08M,131.50M,-1.40M,-1.40M,859.49M,57.40M,362.39M,209.00M,343.57M,207.80M,76.30M,1.014B,292.60M,1.868B,2.699B,2.89M,1.791B,411.18M,830.97M,908.23M,419.79M,292.60M,167.02M,537.34M
FAST,2016-03,-32.69M,150.55M,495.20M,7.61M,2.875M,0.22,0.22,0,1.325B,491.50M,2016-03,965.05M,126.20M,-1.30M,-1.30M,826.74M,56.84M,362.39M,201.30M,394.06M,199.90M,73.70M,986.70M,290.20M,1.822B,2.643B,2.889M,1.767B,401.67M,820.90M,875.60M,419.23M,290.20M,214.71M,533.48M
FAST,2015-12,-46.40M,129.02M,462.27M,62.05M,3.125M,0.195,0.195,0,1.194B,460.54M,2015-12,913.26M,111.94M,-0.903M,-0.903M,818.89M,55.06M,302.95M,178.45M,294.57M,178.28M,66.34M,922.81M,282.09M,1.801B,2.532B,2.896M,1.665B,373.17M,731.17M,867.69M,358.01M,282.09M,192.54M,468.38M
FAST,2015-09,-40.23M,111.78M,493.02M,41.51M,2.447M,0.235,0.235,0,1.020B,502.22M,2015-09,883.21M,136.49M,-0.805M,-0.805M,810.65M,70.02M,273.49M,219.85M,326.77M,219.20M,82.71M,995.25M,282.38M,1.783B,2.495B,2.897M,1.673B,368.28M,711.79M,822.29M,343.51M,282.38M,131.98M,537.06M
FAST,2015-06,-23.50M,121.17M,495.74M,79.58M,0,0.24,0.24,0,0,502.09M,2015-06,876.70M,140.36M,-0.734M,-0.734M,805.85M,69.95M,250.42M,225.44M,317.00M,225.10M,84.74M,997.83M,276.64M,1.764B,2.481B,2.902M,1.663B,396.58M,716.95M,817.56M,320.37M,276.64M,134.60M,537.65M
FAST,2015-03,-27.29M,120.79M,469.27M,125.00M,0,0.215,0.215,0,0,484.05M,2015-03,867.92M,127.61M,-0.259M,-0.259M,783.15M,68.76M,0,203.66M,367.36M,203.51M,75.91M,953.32M,280.39M,1.863B,2.424B,2.94M,1.629B,492.36M,561.12M,794.99M,68.76M,280.39M,198.42M,521.09M
FAST,2014-12,-7.836M,114.50M,458.69M,90.00M,0,0.2,0.2,0,0,467.56M,2014-12,869.22M,118.39M,-0.202M,-0.202M,763.89M,68.53M,0,188.78M,270.77M,188.82M,70.43M,926.25M,278.78M,1.915B,2.359B,2.959M,1.583B,375.35M,443.88M,775.84M,68.53M,278.78M,170.07M,462.08M
FAST,2014-09,-0.12M,116.33M,482.12M,105.00M,0,0.225,0.225,0,0,498.69M,2014-09,836.38M,133.31M,0.117M,0.117M,741.49M,63.52M,0,212.56M,302.90M,212.99M,79.67M,980.81M,286.13M,1.902B,2.373B,2.965M,1.619B,407.90M,471.42M,753.59M,63.52M,286.13M,120.76M,522.26M
FAST,2014-06,11.65M,106.39M,467.27M,70.00M,0,0.22,0.22,0,0,482.67M,2014-06,818.77M,130.51M,-0.065M,-0.065M,714.91M,63.39M,0,206.65M,281.46M,206.78M,76.27M,949.94M,276.02M,1.868B,2.283B,2.968M,1.556B,351.46M,414.85M,727.19M,63.39M,276.02M,114.84M,502.33M
FAST,2014-03,6.266M,89.47M,428.02M,0,0,0.19,0.19,0,0,448.48M,2014-03,793.99M,111.93M,-0.006M,-0.006M,677.30M,63.26M,0,178.64M,301.53M,178.84M,66.91M,876.50M,269.84M,1.800B,2.165B,2.966M,1.475B,301.53M,364.78M,689.61M,63.26M,269.84M,152.96M,473.18M
FAST,2013-12,11.10M,58.96M,402.31M,0,0,0.165,0.165,0,0,411.45M,2013-12,784.07M,99.23M,0.139M,0.139M,654.85M,63.26M,0,157.06M,225.17M,157.27M,58.04M,813.76M,254.39M,1.773B,2.076B,2.968M,1.408B,239.83M,303.09M,667.32M,63.26M,254.39M,139.04M,414.33M
FAST,2013-09,14.75M,92.63M,415.03M,0,0,0.2,0.2,0,840.08M,443.40M,2013-09,755.98M,119.35M,0.093M,0.093M,611.05M,51.21M,0,188.44M,259.57M,188.64M,69.29M,858.42M,254.96M,1.750B,2.060B,2.968M,1.437B,259.57M,310.78M,623.59M,51.21M,254.96M,107.12M,453.65M
FAST,2013-06,11.08M,123.29M,404.88M,0,0,0.205,0.205,0,725.10M,442.72M,2013-06,725.11M,121.01M,0.165M,0.165M,575.57M,51.25M,0,191.97M,236.14M,192.38M,71.37M,847.60M,250.75M,1.706B,1.993B,2.969M,1.405B,236.14M,287.39M,588.12M,51.25M,250.75M,96.85M,436.45M
FAST,2013-03,14.35M,159.66M,384.45M,0,0,0.185,0.185,0,0,421.88M,2013-03,700.48M,109.05M,0.413M,0.413M,555.73M,51.34M,0,174.55M,253.10M,175.17M,66.12M,806.33M,247.33M,1.641B,1.945B,2.967M,1.377B,253.10M,304.43M,568.46M,51.34M,247.33M,127.01M,418.73M
FAST,2012-12,18.36M,79.96M,366.41M,0,0,0.165,0.165,0,0,390.82M,2012-12,715.38M,98.72M,0.107M,0.107M,516.43M,51.30M,0,157.91M,192.86M,158.15M,59.44M,757.24M,232.91M,1.560B,1.816B,2.966M,1.287B,204.17M,255.47M,529.18M,51.30M,232.91M,116.58M,372.16M
FAST,2012-09,19.00M,222.83M,388.20M,0,0,0.185,0.185,0,0,414.38M,2012-09,675.83M,109.32M,0.117M,0.117M,483.94M,39.32M,0,175.56M,216.02M,175.84M,66.52M,802.58M,238.81M,1.664B,1.920B,2.963M,1.423B,216.02M,255.33M,496.82M,39.32M,238.81M,92.84M,411.03M
FAST,2012-06,14.34M,213.08M,389.74M,0,0,0.19,0.19,0,0,415.15M,2012-06,662.69M,112.31M,0.144M,0.144M,459.65M,39.33M,0,178.61M,210.52M,179.04M,66.73M,804.89M,236.54M,1.601B,1.851B,2.962M,1.378B,210.52M,249.85M,472.65M,39.33M,236.54M,91.24M,399.99M
FAST,2012-03,17.76M,226.07M,374.70M,0,0,0.17,0.17,0,0,394.18M,2012-03,647.89M,100.19M,0.096M,0.096M,450.24M,38.14M,0,161.21M,236.23M,161.13M,60.94M,768.88M,232.97M,1.539B,1.813B,0,1.350B,236.23M,274.36M,463.36M,38.14M,232.97M,123.13M,386.88M
FAST,2011-12,14.80M,144.84M,340.63M,0,0,0.145,0.145,0,0,357.18M,2011-12,646.15M,87.47M,0.154M,0.154M,435.60M,38.15M,0,140.63M,179.36M,140.77M,53.30M,697.80M,216.55M,1.459B,1.685B,2.953M,1.236B,187.82M,225.97M,448.81M,38.15M,216.55M,102.53M,338.59M
FAST,2011-09,13.33M,137.25M,349.36M,0,0,0.165,0.165,0,0,377.38M,2011-09,618.15M,96.80M,0.094M,0.094M,420.39M,23.32M,0,155.12M,218.87M,155.32M,58.52M,726.74M,222.26M,1.409B,1.651B,2.952M,1.217B,218.87M,242.19M,433.66M,23.32M,222.26M,110.30M,361.08M
FAST,2011-06,21.39M,115.65M,335.50M,0,0,0.16,0.16,0,0,366.23M,2011-06,608.66M,94.11M,0.076M,0.076M,396.46M,23.31M,0,150.36M,204.39M,150.18M,56.07M,701.73M,215.87M,1.354B,1.582B,0,1.172B,204.39M,227.70M,410.06M,23.31M,215.87M,103.97M,357.20M
