Ticker,Date,Accrued Comprehensive Inc,Cash and Short Term Investments,Cost of Goods Sold,Current Debt & Capital Lease Obligation,Current Deferred Liabilities,EPS Basic,EPS Diluted,Goodwill and Intangibles,Gross PP&E,Gross Profit,Income (Quarterly),Inventories,Net Income,Net Non-Operating Interest Income Expense,Net Operating Interest Income,Net PP&E,Non-Current Deferred Liabilities,Non-Current Portion of LTD and Capital Lease Obligation,Operating Income,Payables and Accrued Expenses,Pre-Tax Income,Provision for Income Taxes,Research and Development Expense,Revenue,SG&A Expense,Shareholders Equity,Total Assets,Total Capital Stock,Total Current Assets,Total Current Liabilities,Total Liabilities,Total Long Term Assets,Total Long Term Liabilities,Total Operating Expenses,Total Payables,Total Receivables
FCX,2021-03,-580.00M,4.58B,3.206B,656.00M,65.00M,0.4918,0.48,401.00M,74.88B,1.644B,2021-03,4.145B,718.00M,-145.00M,-145.00M,29.78B,4.446B,9.153B,1.532B,3.624B,1.398B,443.00M,0,4.85B,100.00M,10.92B,43.64B,160.00M,10.86B,4.611B,24.07B,32.79B,19.46B,112.00M,3.624B,1.77B
FCX,2020-12,-583.00M,3.657B,3.066B,72.00M,12.00M,0.4856,0.48,402.00M,73.36B,1.429B,2020-12,3.893B,708.00M,-236.00M,-236.00M,29.82B,4.669B,9.867B,1.223B,2.838B,1.469B,611.00M,0,4.495B,97.00M,10.17B,42.14B,159.00M,9.303B,3.417B,23.48B,32.84B,20.06B,206.00M,2.001B,1.412B
FCX,2020-09,-728.00M,2.403B,2.868B,47.00M,0,0.22,0.22,398.00M,71.10B,983.00M,2020-09,3.892B,329.00M,-120.00M,-120.00M,29.91B,4.325B,9.983B,882.00M,2.652B,723.00M,297.00M,0,3.851B,72.00M,9.236B,41.10B,158.00M,8.071B,3.096B,23.54B,33.03B,20.44B,101.00M,2.652B,1.357B
FCX,2020-06,-652.00M,1.465B,2.613B,90.00M,0,0.03,0.03,0,0,441.00M,2020-06,3.81B,53.00M,-115.00M,-115.00M,29.94B,4.18B,9.824B,321.00M,2.518B,217.00M,96.00M,0,3.054B,91.00M,8.954B,40.23B,158.00M,7.155B,2.906B,23.08B,33.08B,20.17B,120.00M,2.518B,1.363B
FCX,2020-03,-668.00M,1.602B,3.108B,245.00M,0,-0.34,-0.34,0,0,-310.00M,2020-03,3.854B,-491.00M,-127.00M,-127.00M,29.90B,4.087B,9.829B,-462.00M,2.593B,-612.00M,-60.00M,0,2.798B,110.00M,8.855B,40.22B,158.00M,7.357B,3.143B,23.26B,32.86B,20.11B,152.00M,2.593B,1.106B
FCX,2019-12,-676.00M,2.02B,3.405B,49.00M,0,0.0062,0.0062,0,0,506.00M,2019-12,4.073B,9.00M,-219.00M,-219.00M,29.58B,4.465B,10.02B,371.00M,2.643B,366.00M,329.00M,0,3.911B,94.00M,9.298B,40.81B,158.00M,7.915B,3.209B,23.36B,32.89B,20.15B,135.00M,2.013B,1.167B
FCX,2019-09,-570.00M,2.247B,3.033B,4.00M,0,-0.15,-0.15,0,0,120.00M,2019-09,4.434B,-207.00M,-123.00M,-123.00M,29.33B,4.245B,9.915B,-26.00M,2.889B,-149.00M,91.00M,0,3.153B,101.00M,9.444B,40.94B,158.00M,8.347B,3.381B,23.40B,32.60B,20.02B,146.00M,2.889B,994.00M
FCX,2019-06,-582.00M,2.623B,3.359B,4.00M,0,-0.05,-0.05,0,0,187.00M,2019-06,4.377B,-72.00M,-132.00M,-132.00M,28.84B,4.055B,9.912B,41.00M,2.857B,-94.00M,-15.00M,0,3.546B,92.00M,9.709B,41.09B,158.00M,8.73B,3.286B,23.27B,32.36B,19.98B,146.00M,2.857B,970.00M
FCX,2019-03,-594.00M,2.833B,3.323B,3.00M,0,0.02,0.02,0,0,469.00M,2019-03,4.461B,31.00M,-146.00M,-146.00M,28.50B,4.067B,9.902B,288.00M,2.822B,183.00M,105.00M,0,3.792B,112.00M,9.783B,41.06B,158.00M,9.045B,3.247B,23.22B,32.01B,19.97B,181.00M,2.822B,1.191B
FCX,2018-12,-605.00M,4.217B,3.323B,17.00M,0,0.0966,0.09,0,0,361.00M,2018-12,4.503B,485.00M,-509.00M,-509.00M,28.01B,4.262B,11.12B,234.00M,2.785B,-181.00M,-552.00M,0,3.684B,81.00M,9.798B,42.22B,158.00M,10.46B,3.329B,24.32B,31.75B,21.00B,127.00M,2.151B,1.322B
FCX,2018-09,-532.00M,4.556B,3.527B,4.00M,91.00M,0.38,0.38,307.00M,64.80B,1.381B,2018-09,4.047B,556.00M,-143.00M,-143.00M,23.01B,3.839B,11.12B,1.245B,3.114B,1.186B,522.00M,0,4.908B,101.00M,9.977B,37.75B,158.00M,10.92B,3.851B,24.30B,26.83B,20.44B,136.00M,3.114B,1.29B
FCX,2018-06,-464.00M,3.859B,3.357B,4.00M,82.00M,0.6,0.59,305.00M,22.93B,1.811B,2018-06,4.176B,869.00M,-142.00M,-142.00M,22.92B,3.702B,11.12B,1.619B,3.062B,1.551B,515.00M,0,5.168B,109.00M,9.474B,37.03B,158.00M,10.34B,3.799B,24.19B,26.68B,20.39B,192.00M,3.062B,1.302B
FCX,2018-03,-475.00M,3.702B,3.259B,483.00M,0,0.47,0.47,0,23.12B,1.609B,2018-03,3.885B,692.00M,-151.00M,-151.00M,22.79B,3.642B,11.12B,1.448B,3.03B,1.336B,506.00M,0,4.868B,131.00M,8.656B,36.64B,158.00M,10.11B,4.344B,24.71B,26.53B,20.37B,161.00M,3.03B,1.444B
FCX,2017-12,-487.00M,4.526B,3.261B,1.414B,0,0.71,0.71,0,23.17B,1.78B,2017-12,4.149B,1.041B,-168.00M,-168.00M,22.99B,3.954B,11.82B,1.464B,2.875B,1.325B,136.00M,0,5.041B,115.00M,7.977B,37.30B,158.00M,10.63B,4.914B,26.01B,26.68B,21.09B,316.00M,2.398B,1.665B
FCX,2017-09,-443.00M,4.957B,3.212B,2.215B,0,0.19,0.19,0,63.46B,1.098B,2017-09,3.857B,280.00M,-304.00M,-304.00M,22.93B,3.771B,12.57B,895.00M,2.562B,626.00M,387.00M,0,4.31B,104.00M,6.973B,37.33B,158.00M,11.15B,5.517B,27.10B,26.18B,21.58B,203.00M,2.562B,1.546B
FCX,2017-06,-456.00M,4.667B,2.93B,2.216B,0,0.18,0.18,0,26.04B,781.00M,2017-06,3.642B,268.00M,-162.00M,-162.00M,23.12B,3.87B,13.14B,676.00M,2.076B,513.00M,186.00M,0,3.711B,107.00M,6.673B,37.04B,158.00M,10.42B,4.944B,27.05B,26.63B,22.11B,105.00M,2.076B,1.434B
FCX,2017-03,-537.00M,4.001B,2.577B,2.228B,0,0.16,0.16,0,26.65B,764.00M,2017-03,3.763B,228.00M,-167.00M,-167.00M,23.17B,3.786B,13.14B,574.00M,1.97B,438.00M,174.00M,0,3.341B,151.00M,6.318B,36.58B,158.00M,9.767B,4.842B,26.99B,26.81B,22.15B,190.00M,1.97B,1.399B
FCX,2016-12,-548.00M,4.245B,3.296B,1.232B,0,0.21,0.21,0,0,1.081B,2016-12,3.642B,100.00M,-181.00M,-181.00M,23.29B,3.935B,14.80B,879.00M,2.301B,492.00M,292.00M,0,4.377B,189.00M,6.051B,37.32B,157.00M,10.44B,4.265B,28.06B,26.88B,23.80B,202.00M,1.901B,2.005B
FCX,2016-09,-476.00M,1.108B,3.411B,802.00M,0,0.159,0.159,0,0,466.00M,2016-09,3.685B,227.00M,-187.00M,-187.00M,26.04B,3.549B,18.18B,346.00M,2.508B,177.00M,-114.00M,0,3.877B,110.00M,4.732B,41.40B,149.00M,11.50B,4.488B,32.33B,29.90B,27.85B,120.00M,2.508B,1.75B
FCX,2016-06,-488.00M,352.00M,3.879B,770.00M,0,-0.3798,-0.38,0,0,-545.00M,2016-06,3.744B,-469.00M,-196.00M,-196.00M,26.65B,3.758B,18.55B,-731.00M,2.624B,-114.00M,116.00M,0,3.334B,160.00M,4.003B,41.30B,145.00M,10.70B,4.54B,32.98B,30.60B,28.44B,186.00M,2.624B,1.712B
FCX,2016-03,-503.00M,331.00M,6.948B,1.139B,41.00M,-3.347,-3.35,316.00M,30.82B,-3.706B,2016-03,4.528B,-4.173B,-191.00M,-191.00M,30.82B,4.442B,19.64B,-3.872B,3.017B,-4.027B,77.00M,0,3.242B,138.00M,3.692B,42.66B,138.00M,7.233B,4.426B,34.69B,35.43B,30.27B,166.00M,3.017B,2.141B
FCX,2015-12,-503.00M,177.00M,7.435B,649.00M,105.00M,-3.47,-3.47,334.00M,64.95B,-3.919B,2015-12,4.075B,-4.071B,-179.00M,-179.00M,31.27B,3.719B,19.68B,-4.097B,3.089B,-4.277B,-189.00M,0,3.516B,137.00M,7.828B,46.58B,137.00M,7.462B,4.307B,34.53B,39.12B,30.23B,178.00M,2.679B,2.129B
FCX,2015-09,-509.00M,338.00M,7.161B,906.00M,115.00M,-3.579,-3.58,1.717B,37.92B,-3.779B,2015-09,5.345B,-3.819B,-157.00M,-157.00M,37.92B,4.363B,19.79B,-3.964B,3.585B,-4.162B,-349.00M,0,3.382B,122.00M,10.95B,50.38B,127.00M,8.155B,4.827B,35.18B,42.23B,30.35B,185.00M,3.585B,1.902B
FCX,2015-06,-523.00M,466.00M,6.17B,791.00M,0,-1.783,-1.783,1.717B,41.06B,-2.232B,2015-06,5.431B,-1.841B,-142.00M,-142.00M,41.06B,4.87B,20.11B,-2.421B,3.618B,-2.527B,-699.00M,0,3.938B,148.00M,13.80B,54.01B,117.00M,8.697B,4.739B,35.95B,45.31B,31.21B,189.00M,3.618B,2.272B
FCX,2015-03,-532.00M,549.00M,6.955B,558.00M,0,-2.38,-2.38,1.916B,42.97B,-2.802B,2015-03,5.238B,-2.464B,-146.00M,-146.00M,42.97B,5.625B,19.75B,-3.002B,3.535B,-3.102B,-695.00M,0,4.153B,154.00M,15.79B,56.06B,117.00M,8.854B,4.41B,36.03B,47.21B,31.62B,200.00M,3.535B,2.396B
FCX,2014-12,-544.00M,464.00M,6.291B,478.00M,0,-2.75,-2.75,2.296B,64.16B,-2.493B,2014-12,5.361B,-2.842B,-123.00M,-123.00M,45.54B,6.555B,18.37B,-2.648B,4.187B,-3.824B,-809.00M,0,3.798B,123.00M,18.29B,58.67B,117.00M,9.045B,5.172B,36.20B,49.63B,31.03B,155.00M,3.648B,2.563B
FCX,2014-09,-394.00M,658.00M,4.405B,1.762B,0,0.53,0.53,0,48.64B,1.291B,2014-09,5.489B,562.00M,-158.00M,-158.00M,48.64B,7.559B,17.98B,1.086B,4.271B,1.055B,349.00M,0,5.696B,158.00M,21.59B,63.98B,117.00M,9.031B,6.343B,38.01B,54.94B,31.67B,205.00M,4.271B,2.307B
FCX,2014-06,-401.00M,1.458B,4.095B,2.784B,0,0.46,0.46,0,47.23B,1.427B,2014-06,5.37B,492.00M,-164.00M,-164.00M,47.23B,7.451B,17.51B,1.153B,4.524B,986.00M,328.00M,0,5.522B,164.00M,21.33B,64.01B,117.00M,10.25B,7.558B,38.34B,53.76B,30.78B,274.00M,4.524B,2.758B
FCX,2014-03,-402.00M,1.342B,3.703B,1.091B,0,0.49,0.49,0,48.07B,1.282B,2014-03,5.22B,520.00M,-161.00M,-161.00M,48.07B,7.504B,19.76B,1.111B,4.038B,983.00M,357.00M,0,4.985B,135.00M,21.15B,63.84B,117.00M,9.43B,5.383B,38.36B,54.41B,32.98B,171.00M,4.038B,2.377B
FCX,2013-12,-405.00M,1.985B,3.955B,312.00M,0,0.68,0.68,0,58.96B,1.93B,2013-12,5.018B,717.00M,-167.00M,-167.00M,47.40B,7.497B,20.39B,1.65B,3.744B,1.467B,508.00M,0,5.885B,200.00M,20.93B,63.47B,117.00M,9.972B,4.773B,38.24B,53.50B,33.47B,280.00M,3.182B,2.562B
FCX,2013-09,-484.00M,2.219B,4.251B,70.00M,478.00M,0.79,0.79,1.932B,31.01B,1.914B,2013-09,4.853B,830.00M,-162.00M,-162.00M,46.65B,6.922B,21.05B,1.707B,4.171B,1.548B,499.00M,78.00M,6.165B,158.00M,20.40B,62.60B,117.00M,9.606B,4.498B,38.04B,52.99B,33.55B,207.00M,4.171B,2.229B
FCX,2013-06,-495.00M,3.294B,3.383B,73.00M,172.00M,0.49,0.49,1.904B,22.16B,905.00M,2013-06,4.946B,485.00M,-132.00M,-132.00M,46.21B,6.84B,21.14B,639.00M,5.253B,648.00M,40.00M,66.00M,4.288B,186.00M,19.88B,63.16B,117.00M,10.58B,5.61B,39.29B,52.58B,33.68B,266.00M,5.253B,1.879B
FCX,2013-03,-500.00M,9.595B,3.048B,4.00M,0,0.68,0.68,334.00M,21.46B,1.535B,2013-03,4.809B,648.00M,-57.00M,-57.00M,21.69B,3.58B,10.09B,1.355B,3.017B,1.25B,428.00M,0,4.583B,113.00M,17.94B,42.59B,107.00M,16.58B,3.275B,20.74B,26.00B,17.46B,180.00M,3.017B,1.769B
FCX,2012-12,-506.00M,3.705B,3.063B,2.00M,0,0.78,0.78,321.00M,20.73B,1.45B,2012-12,4.576B,743.00M,-38.00M,-38.00M,21.00B,3.597B,3.525B,1.299B,2.471B,1.324B,382.00M,0,4.513B,120.00M,17.54B,35.44B,107.00M,10.30B,3.343B,14.13B,25.14B,10.79B,151.00M,2.149B,1.629B
FCX,2012-09,-439.00M,3.727B,2.89B,2.00M,0,0.87,0.86,324.00M,25.98B,1.527B,2012-09,4.434B,824.00M,-42.00M,-42.00M,22.16B,3.378B,3.521B,1.411B,2.889B,1.354B,215.00M,0,4.417B,110.00M,17.14B,34.52B,107.00M,10.18B,3.15B,13.77B,24.34B,10.62B,116.00M,2.889B,1.666B
FCX,2012-06,-448.00M,4.508B,2.913B,4.00M,0,0.75,0.74,326.00M,19.56B,1.562B,2012-06,4.025B,710.00M,-43.00M,-43.00M,21.46B,3.55B,3.519B,1.311B,2.711B,1.319B,422.00M,0,4.475B,97.00M,16.58B,33.69B,107.00M,10.18B,2.942B,13.80B,23.51B,10.86B,251.00M,2.711B,1.315B
FCX,2012-03,-453.00M,4.496B,2.695B,4.00M,0,0.81,0.8,325.00M,19.02B,1.91B,2012-03,4.096B,764.00M,-63.00M,-63.00M,20.73B,3.413B,5.687B,1.734B,2.92B,1.49B,491.00M,0,4.605B,104.00M,16.14B,32.90B,107.00M,10.25B,2.924B,13.61B,22.65B,10.68B,176.00M,2.667B,1.437B
FCX,2011-12,-465.00M,4.822B,2.66B,4.00M,0,0.67,0.67,321.00M,0,1.502B,2011-12,3.869B,640.00M,-62.00M,-62.00M,18.45B,3.383B,3.533B,1.199B,2.348B,1.253B,389.00M,0,4.162B,92.00M,15.64B,32.07B,107.00M,10.05B,2.94B,13.52B,22.02B,10.58B,303.00M,2.022B,1.142B
FCX,2011-09,-314.00M,5.128B,2.827B,4.00M,0,1.11,1.1,323.00M,0,2.368B,2011-09,3.721B,1.053B,-78.00M,-78.00M,19.56B,3.365B,3.531B,2.188B,3.131B,2.10B,808.00M,0,5.195B,102.00M,15.36B,31.71B,107.00M,10.71B,3.181B,13.66B,21.00B,10.48B,180.00M,2.93B,1.446B
FCX,2011-06,-316.00M,4.378B,2.824B,5.00M,0,1.44,1.43,0,0,2.99B,2011-06,3.748B,1.368B,-74.00M,-74.00M,19.02B,3.265B,3.537B,2.817B,2.84B,2.624B,906.00M,0,5.814B,107.00M,14.51B,30.58B,107.00M,10.17B,3.106B,13.48B,20.41B,10.37B,173.00M,2.84B,1.785B
