Ticker,Date,Accrued Comprehensive Inc,Cash and Short Term Investments,Cost of Goods Sold,Current Debt & Capital Lease Obligation,Current Deferred Liabilities,EPS Basic,EPS Diluted,Goodwill and Intangibles,Gross PP&E,Gross Profit,Income (Quarterly),Inventories,Net Income,Net PP&E,Non-Current Deferred Liabilities,Non-Current Portion of LTD and Capital Lease Obligation,Operating Income,Payables and Accrued Expenses,Pre-Tax Income,Provision for Income Taxes,Research and Development Expense,Revenue,SG&A Expense,Shareholders Equity,Total Assets,Total Capital Stock,Total Current Assets,Total Current Liabilities,Total Liabilities,Total Long Term Assets,Total Long Term Liabilities,Total Operating Expenses,Total Payables,Total Receivables
FFIV,2020-12,-17.86M,1.373B,114.98M,66.04M,936.64M,1.43,1.41,2.087B,501.69M,509.64M,2020-12,26.46M,87.68M,501.69M,424.15M,692.70M,117.75M,316.57M,117.06M,29.39M,114.19M,624.62M,277.70M,2.402B,4.899B,386.24M,2.030B,1.319B,2.498B,2.870B,1.178B,391.89M,97.30M,510.22M
FFIV,2020-09,-18.72M,1.210B,111.97M,65.28M,883.13M,1.27,1.26,2.085B,770.10M,502.85M,2020-09,27.90M,77.66M,529.92M,390.10M,707.76M,98.61M,339.86M,97.52M,19.86M,120.30M,614.82M,283.94M,2.232B,4.678B,305.45M,1.793B,1.288B,2.446B,2.884B,1.157B,404.24M,97.52M,434.28M
FFIV,2020-06,-18.50M,1.094B,106.04M,65.76M,888.61M,1.15,1.14,2.095B,545.05M,477.21M,2020-06,28.83M,69.87M,545.05M,386.88M,719.44M,87.62M,308.94M,87.76M,17.89M,115.99M,583.25M,273.60M,2.154B,4.573B,304.53M,1.665B,1.263B,2.419B,2.908B,1.156B,389.59M,90.24M,304.87M
FFIV,2020-03,-22.90M,821.14M,101.24M,66.12M,889.63M,1.01,1,2.111B,559.44M,482.21M,2020-03,30.94M,61.38M,559.44M,391.70M,736.33M,83.70M,296.26M,83.56M,22.18M,109.03M,583.45M,289.48M,1.998B,4.441B,223.10M,1.409B,1.252B,2.443B,3.032B,1.191B,398.51M,88.21M,439.70M
FFIV,2019-12,-18.38M,1.162B,88.64M,42.52M,847.75M,1.62,1.62,1.170B,533.24M,480.66M,2019-12,32.38M,98.53M,533.24M,390.48M,342.30M,130.14M,260.24M,127.56M,29.03M,96.00M,569.30M,254.52M,1.929B,3.875B,211.22M,1.737B,1.151B,1.946B,2.138B,795.40M,350.53M,91.91M,439.79M
FFIV,2019-09,-19.19M,972.28M,90.92M,0,807.03M,1.57,1.57,1.174B,418.18M,499.47M,2019-09,34.40M,94.84M,223.43M,457.50M,0,114.71M,298.50M,118.11M,23.27M,102.81M,590.39M,281.94M,1.761B,3.390B,142.60M,1.512B,1.106B,1.629B,1.879B,523.25M,384.76M,94.43M,401.44M
FFIV,2019-06,-18.19M,986.49M,90.77M,0,803.24M,1.43,1.43,1.065B,334.09M,472.63M,2019-06,36.01M,85.90M,226.00M,363.62M,0,102.74M,268.82M,107.46M,21.56M,116.89M,563.39M,252.99M,1.624B,3.177B,98.72M,1.505B,1.072B,1.553B,1.672B,481.43M,369.89M,55.63M,320.46M
FFIV,2019-03,-19.34M,1.314B,88.18M,0,809.34M,1.94,1.93,555.96M,0,456.72M,2019-03,33.46M,116.09M,208.22M,352.51M,0,142.79M,265.45M,150.23M,34.14M,96.31M,544.90M,217.61M,1.467B,2.990B,29.40M,1.807B,1.075B,1.523B,1.183B,448.04M,313.92M,68.16M,321.48M
FFIV,2018-12,-21.99M,1.133B,86.71M,0,796.38M,2.17,2.16,555.96M,0,457.06M,2018-12,31.56M,130.90M,179.22M,353.54M,0,158.22M,251.30M,165.31M,34.41M,92.04M,543.77M,206.80M,1.409B,2.892B,13.28M,1.620B,1.048B,1.483B,1.272B,435.02M,298.84M,66.86M,325.69M
FFIV,2018-09,-22.18M,1.039B,93.44M,0,715.70M,2.2,2.18,587.22M,0,469.27M,2018-09,30.57M,132.88M,145.04M,330.81M,0,172.02M,238.74M,159.26M,26.38M,95.08M,562.71M,202.17M,1.285B,2.605B,20.43M,1.418B,954.43M,1.320B,1.188B,365.55M,297.25M,85.41M,295.35M
FFIV,2018-06,-21.98M,1.084B,91.01M,0,736.03M,2.01,1.99,555.96M,298.43M,451.19M,2018-06,31.32M,122.74M,126.11M,291.70M,0,151.95M,207.89M,154.21M,31.47M,94.06M,542.20M,205.18M,1.266B,2.561B,20.01M,1.469B,943.92M,1.295B,1.092B,351.17M,299.24M,44.65M,297.38M
FFIV,2018-03,-20.98M,1.025B,89.64M,0,735.98M,1.79,1.77,555.96M,270.40M,443.66M,2018-03,29.51M,109.64M,117.39M,274.59M,0,143.36M,226.20M,146.15M,36.51M,91.06M,533.30M,209.25M,1.227B,2.517B,21.12M,1.407B,962.17M,1.291B,1.110B,328.36M,300.30M,40.27M,290.92M
FFIV,2017-12,-19.48M,1.005B,87.39M,0,721.99M,1.42,1.41,555.96M,0,435.80M,2017-12,29.11M,88.43M,117.31M,269.32M,0,142.00M,223.28M,144.14M,55.71M,85.89M,523.19M,207.92M,1.227B,2.494B,20.03M,1.381B,945.28M,1.267B,1.113B,321.28M,293.81M,46.75M,291.09M
FFIV,2017-09,-18.00M,1.017B,90.54M,0,696.40M,2.15,2.14,598.52M,0,447.46M,2017-09,29.83M,135.74M,122.42M,267.96M,0,162.08M,238.14M,153.86M,18.12M,85.48M,538.00M,199.90M,1.229B,2.476B,17.63M,1.406B,934.54M,1.247B,1.070B,312.55M,285.38M,79.71M,291.92M
FFIV,2017-06,-15.46M,1.014B,89.77M,0,686.08M,1.53,1.52,555.96M,0,428.07M,2017-06,31.04M,97.66M,125.14M,263.33M,0,139.14M,223.26M,141.73M,44.07M,88.60M,517.84M,200.32M,1.205B,2.419B,17.53M,1.446B,909.34M,1.214B,972.67M,304.62M,288.92M,44.54M,295.08M
FFIV,2017-03,-15.47M,1.015B,87.91M,0,684.50M,1.44,1.43,555.96M,0,430.34M,2017-03,32.55M,93.14M,126.70M,250.24M,0,138.39M,231.52M,139.82M,46.69M,89.23M,518.25M,202.71M,1.185B,2.388B,19.40M,1.445B,916.02M,1.203B,943.07M,287.29M,291.95M,47.29M,293.87M
FFIV,2016-12,-16.05M,973.84M,85.26M,0,669.93M,1.45,1.44,555.96M,0,430.70M,2016-12,33.68M,94.22M,128.67M,247.58M,0,137.45M,248.76M,140.10M,45.88M,87.05M,515.96M,206.19M,1.195B,2.397B,17.28M,1.427B,918.68M,1.202B,969.60M,283.42M,293.24M,49.92M,313.21M
FFIV,2016-09,-13.19M,882.40M,84.95M,0,631.77M,1.66,1.64,606.47M,0,440.40M,2016-09,34.05M,108.94M,123.25M,242.68M,0,163.26M,212.47M,162.90M,53.97M,83.75M,525.35M,193.39M,1.185B,2.306B,13.19M,1.289B,844.24M,1.121B,1.018B,276.82M,277.14M,66.11M,268.18M
FFIV,2016-06,-13.32M,810.71M,84.34M,0,626.84M,1.37,1.37,555.96M,0,412.18M,2016-06,33.80M,91.79M,115.14M,236.55M,0,138.34M,172.57M,139.84M,48.05M,83.04M,496.52M,190.80M,1.187B,2.254B,9.996M,1.208B,799.41M,1.067B,1.046B,267.31M,273.84M,37.45M,263.25M
FFIV,2016-03,-13.56M,775.00M,82.23M,0,619.68M,1.12,1.11,555.96M,0,401.45M,2016-03,35.18M,75.42M,107.54M,228.52M,0,123.88M,180.75M,115.07M,39.65M,86.29M,483.68M,191.27M,1.181B,2.242B,25.18M,1.194B,800.44M,1.061B,1.048B,260.71M,277.57M,37.24M,266.18M
FFIV,2015-12,-16.51M,791.50M,85.68M,0,619.58M,1.29,1.28,555.96M,225.70M,403.80M,2015-12,33.57M,89.72M,99.95M,219.87M,0,130.95M,183.00M,132.08M,42.37M,81.14M,489.49M,191.71M,1.263B,2.316B,16.06M,1.208B,802.58M,1.054B,1.108B,250.97M,272.85M,37.56M,279.16M
FFIV,2015-09,-15.29M,774.34M,84.66M,0,573.91M,1.37,1.36,614.76M,185.59M,416.64M,2015-09,33.72M,97.04M,95.91M,210.30M,0,147.60M,181.22M,149.46M,52.43M,77.66M,501.30M,191.38M,1.317B,2.312B,10.16M,1.188B,755.12M,995.56M,1.124B,240.44M,269.04M,74.10M,279.43M
FFIV,2015-06,-13.36M,797.71M,85.66M,0,553.06M,1.3,1.29,556.96M,161.69M,397.93M,2015-06,30.03M,93.17M,83.51M,191.89M,0,140.13M,164.38M,140.85M,47.68M,74.34M,483.59M,183.46M,1.327B,2.262B,5.987M,1.186B,717.45M,935.25M,1.077B,217.80M,257.80M,48.99M,261.07M
FFIV,2015-03,-13.22M,666.47M,82.60M,0,544.43M,1.19,1.18,556.96M,0,389.55M,2015-03,29.34M,85.73M,68.75M,178.94M,0,132.86M,153.30M,136.12M,50.39M,74.52M,472.14M,182.17M,1.321B,2.221B,20.68M,1.052B,697.73M,899.88M,1.169B,202.16M,256.69M,34.68M,262.62M
FFIV,2014-12,-12.04M,654.10M,79.35M,0,521.72M,1.21,1.21,556.96M,0,383.44M,2014-12,27.58M,89.08M,66.64M,161.71M,0,132.32M,173.91M,134.91M,45.83M,70.06M,462.79M,181.07M,1.356B,2.236B,5.105M,1.027B,695.62M,880.65M,1.210B,185.02M,251.13M,41.22M,255.86M
FFIV,2014-09,-9.584M,645.38M,81.95M,0,484.44M,1.27,1.26,622.22M,0,383.31M,2014-09,24.47M,94.02M,66.79M,155.94M,0,147.48M,152.54M,149.80M,55.78M,65.40M,465.27M,170.43M,1.369B,2.185B,15.75M,998.85M,636.98M,815.64M,1.186B,178.66M,235.83M,58.68M,242.24M
FFIV,2014-06,-6.834M,611.36M,79.46M,0,480.38M,1.06,1.05,556.96M,0,360.82M,2014-06,23.14M,79.47M,62.65M,141.17M,0,126.08M,130.84M,127.27M,47.80M,67.03M,440.28M,167.72M,1.401B,2.175B,18.71M,945.12M,611.22M,774.77M,1.230B,163.55M,234.74M,36.40M,243.07M
FFIV,2014-03,-7.241M,623.76M,75.66M,0,461.40M,0.92,0.91,517.61M,0,344.38M,2014-03,20.71M,69.64M,61.61M,130.76M,0,110.86M,136.44M,110.89M,41.25M,67.23M,420.04M,166.28M,1.415B,2.166B,21.32M,950.42M,597.84M,751.26M,1.216B,153.42M,233.52M,40.37M,223.47M
FFIV,2013-12,-7.548M,578.19M,72.88M,0,450.10M,0.88,0.87,523.73M,0,333.57M,2013-12,19.05M,68.05M,62.16M,122.62M,0,109.13M,163.87M,109.38M,41.33M,64.13M,406.45M,160.30M,1.454B,2.215B,109.95M,870.94M,613.97M,760.77M,1.344B,146.80M,224.44M,38.15M,220.78M
FFIV,2013-09,-7.414M,542.14M,66.94M,0,421.43M,0.97,0.97,591.86M,0,328.39M,2013-09,19.03M,76.23M,63.52M,115.29M,0,125.18M,129.92M,125.91M,49.68M,54.46M,395.33M,146.35M,1.539B,2.231B,262.50M,816.37M,551.35M,691.84M,1.414B,140.49M,203.20M,41.51M,204.20M
FFIV,2013-06,-9.347M,551.32M,64.92M,0,411.48M,0.87,0.86,447.80M,152.28M,305.38M,2013-06,18.26M,68.18M,63.72M,108.28M,0,104.08M,118.47M,106.95M,38.77M,54.08M,370.30M,147.23M,1.488B,2.148B,290.14M,834.31M,529.95M,659.62M,1.313B,129.67M,201.31M,28.69M,205.14M
FFIV,2013-03,-5.908M,522.85M,60.30M,0,396.68M,0.81,0.8,447.80M,130.49M,289.93M,2013-03,17.96M,63.41M,63.18M,93.98M,0,92.48M,124.07M,94.59M,31.18M,52.53M,350.23M,144.92M,1.428B,2.066B,294.88M,804.42M,520.74M,637.73M,1.261B,116.99M,197.45M,39.10M,192.80M
FFIV,2012-12,-4.54M,517.74M,60.88M,0,379.94M,0.88,0.88,348.24M,0,304.57M,2012-12,18.72M,69.49M,62.03M,100.61M,0,109.08M,149.63M,110.63M,41.14M,48.54M,365.45M,146.94M,1.386B,2.038B,315.04M,791.79M,529.58M,651.35M,1.246B,121.78M,195.48M,32.22M,209.08M
FFIV,2012-09,-3.829M,532.15M,62.68M,0,352.59M,0.86,0.85,369.52M,0,299.88M,2012-09,17.41M,67.72M,59.60M,94.69M,0,111.83M,113.44M,112.74M,45.03M,47.73M,362.56M,140.31M,1.329B,1.911B,326.92M,776.08M,466.03M,581.80M,1.135B,115.77M,188.04M,35.65M,185.17M
FFIV,2012-06,-5.833M,519.66M,60.29M,0,344.92M,0.91,0.91,347.90M,0,292.35M,2012-06,17.04M,72.34M,54.26M,88.94M,0,110.00M,101.72M,111.71M,39.38M,46.98M,352.63M,135.36M,1.282B,1.838B,0,782.89M,446.64M,555.90M,1.055B,109.26M,182.35M,32.01M,193.70M
FFIV,2012-03,-6.062M,489.61M,57.59M,0,325.36M,0.87,0.86,347.90M,0,282.03M,2012-03,17.02M,68.64M,52.28M,87.48M,0,104.68M,108.52M,106.11M,37.47M,43.57M,339.62M,133.78M,1.217B,1.758B,0,746.52M,433.89M,541.05M,1.012B,107.17M,177.35M,29.90M,184.04M
FFIV,2011-12,-6.772M,556.54M,55.61M,0,302.82M,0.84,0.83,234.69M,0,266.83M,2011-12,17.49M,66.49M,50.87M,77.21M,0,99.79M,129.93M,101.65M,35.16M,39.12M,322.43M,127.92M,1.170B,1.699B,379.35M,804.10M,432.75M,528.50M,894.59M,95.74M,167.04M,129.93M,187.86M
FFIV,2011-09,-6.422M,542.55M,55.92M,0,270.88M,0.84,0.83,234.69M,0,258.70M,2011-09,17.15M,67.61M,48.00M,72.42M,0,99.33M,53.60M,103.42M,35.81M,36.55M,314.62M,122.81M,1.105B,1.569B,0,763.67M,372.31M,463.11M,804.88M,90.81M,159.36M,38.38M,165.68M
FFIV,2011-06,-3.46M,585.33M,52.45M,0,255.23M,0.77,0.77,234.70M,0,238.26M,2011-06,17.94M,62.55M,42.32M,66.65M,0,88.26M,93.79M,90.15M,27.60M,35.24M,290.71M,114.76M,1.165B,1.597B,0,797.23M,349.02M,431.97M,799.91M,82.95M,150.00M,34.07M,154.74M
FFIV,2011-03,-4.632M,475.26M,50.67M,0,248.16M,0.69,0.68,234.70M,0,226.90M,2011-03,18.15M,55.58M,37.53M,65.18M,0,83.21M,93.93M,84.78M,29.21M,34.51M,277.57M,109.18M,1.112B,1.539B,0,690.84M,342.08M,426.22M,847.68M,84.14M,143.68M,30.83M,142.90M
