Ticker,Date,Accrued Comprehensive Inc,Cash and Short Term Investments,Current Debt & Capital Lease Obligation,EPS Basic,EPS Diluted,Goodwill and Intangibles,Gross PP&E,Income (Quarterly),Net Income,Net Loan Assets,Net PP&E,Non-Current Portion of LTD and Capital Lease Obligation,Payables and Accrued Expenses,Pre-Tax Income,Provision for Income Taxes,Revenue,SG&A Expense,Shareholders Equity,Total Assets,Total Capital Stock,Total Current Assets,Total Current Liabilities,Total Liabilities,Total Long Term Assets,Total Long Term Liabilities,Total Operating Expenses,Total Payables,Total Receivables,,,,,,,2012-06,2012-03,2011-12,2011-09,2011-06
FITB,2021-03,1.792B,74.90B,1.106B,0.94,0.93,5.17B,2.79B,2021-03,694.00M,108.87B,2.79B,14.74B,1.879B,883.00M,189.00M,1.86B,822.00M,22.60B,206.90B,4.167B,78.16B,3.287B,184.30B,200.52B,177.14B,822.00M,0,3.255B,,,,,,,454.00M,468.00M,470.00M,542.00M,396.00M
FITB,2020-12,2.601B,73.54B,39.00M,0.79,0.78,5.053B,6.65B,2020-12,604.00M,108.16B,3.288B,14.97B,2.614B,746.00M,142.00M,1.751B,876.00M,23.11B,204.68B,4.167B,82.59B,3.632B,181.57B,189.92B,174.53B,883.00M,0,6.009B,,,,,,,4.357B,3.863B,18.96B,4.376B,3.75B
FITB,2020-09,2.831B,71.18B,50.00M,0.78,0.78,5.078B,5.92B,2020-09,581.00M,107.46B,2.908B,15.12B,2.50B,746.00M,165.00M,1.836B,830.00M,22.95B,202.00B,4.167B,74.20B,3.46B,179.04B,195.45B,172.29B,831.00M,0,3.021B,,,,,,,4.613B,2.877B,3.239B,4.894B,2.702B
FITB,2020-06,2.951B,69.52B,81.00M,0.23,0.23,5.108B,5.825B,2020-06,195.00M,110.21B,2.862B,16.33B,2.582B,244.00M,49.00M,1.794B,801.00M,22.34B,202.91B,3.821B,72.58B,3.604B,180.57B,196.08B,173.80B,801.00M,0,3.061B,,,,,,,0.41,0.46,0.33,0.41,0.36
FITB,2020-03,2.477B,47.63B,3.50B,0.04,0.04,5.13B,5.734B,2020-03,46.00M,114.20B,2.828B,16.28B,2.432B,60.00M,14.00M,1.851B,853.00M,21.87B,185.39B,3.821B,50.75B,8.152B,163.52B,178.37B,151.79B,863.00M,0,3.123B,,,,,,,0.4,0.45,0.32,0.4,0.35
FITB,2019-12,1.192B,40.70B,0,0.97,0.96,5.446B,6.442B,2019-12,734.00M,106.39B,3.316B,14.97B,2.441B,941.00M,207.00M,1.826B,804.00M,21.20B,169.37B,3.821B,48.92B,3.17B,148.17B,155.30B,142.57B,819.00M,0,6.442B,,,,,,,3.186B,3.22B,3.138B,3.124B,3.313B
FITB,2019-09,1.635B,43.10B,2.85B,0.72,0.71,5.401B,5.756B,2019-09,549.00M,105.99B,2.922B,14.47B,2.507B,689.00M,140.00M,1.891B,808.00M,21.40B,171.08B,3.821B,46.59B,6.827B,149.68B,163.75B,140.42B,819.00M,0,3.495B,,,,,,,3.017B,2.98B,4.806B,2.872B,2.887B
FITB,2019-06,1.178B,41.33B,376.00M,0.57,0.57,5.538B,5.83B,2019-06,453.00M,105.70B,2.968B,15.78B,2.397B,577.00M,124.00M,1.816B,899.00M,20.47B,168.80B,3.382B,45.00B,3.187B,148.13B,161.82B,141.52B,912.00M,0,3.677B,,,,,,,2012-06,2012-03,2011-12,2011-09,2011-06
FITB,2019-03,409.00M,40.77B,0,1.14,1.12,5.68B,5.809B,2019-03,775.00M,105.51B,3.00B,15.48B,2.242B,996.00M,221.00M,1.585B,805.00M,19.65B,167.85B,3.382B,44.68B,5.919B,148.01B,160.61B,139.43B,1.35B,0,3.909B,,,,,,,385.00M,430.00M,314.00M,381.00M,337.00M
FITB,2018-12,-112.00M,36.78B,0,0.65,0.64,3.456B,5.164B,2018-12,456.00M,91.17B,2.379B,14.43B,1.562B,586.00M,130.00M,1.527B,639.00M,16.25B,146.07B,3.382B,44.05B,3.789B,129.82B,133.76B,123.53B,634.00M,0,6.057B,,,,,,,82.21B,81.57B,78.19B,78.62B,76.54B
FITB,2018-09,-775.00M,34.79B,600.00M,0.62,0.61,3.50B,5.229B,2018-09,436.00M,89.32B,2.442B,14.46B,1.155B,550.00M,114.00M,1.542B,719.00M,15.83B,141.68B,3.382B,38.48B,4.358B,125.84B,135.34B,119.03B,725.00M,0,3.697B,,,,,,,3.017B,2.98B,2.944B,2.872B,2.887B
FITB,2018-06,-552.00M,35.04B,1.20B,0.84,0.82,3.451B,5.275B,2018-06,602.00M,87.85B,2.521B,14.32B,1.206B,748.00M,146.00M,1.553B,751.00M,16.23B,140.70B,3.382B,38.82B,3.303B,124.44B,134.24B,118.72B,923.00M,0,3.788B,,,,,,,9.685B,9.648B,9.307B,9.80B,10.15B
FITB,2018-03,-389.00M,34.99B,400.00M,0.98,0.96,3.418B,5.338B,2018-03,701.00M,87.63B,2.591B,14.80B,1.104B,882.00M,181.00M,1.449B,760.00M,16.18B,141.50B,3.382B,38.91B,2.344B,125.30B,134.93B,120.53B,1.166B,0,3.919B,,,,,,,1.491B,1.436B,1.469B,1.307B,1.067B
FITB,2017-12,73.00M,36.41B,3.125B,0.68,0.67,3.33B,5.364B,2017-12,495.00M,87.20B,2.649B,14.90B,1.465B,600.00M,105.00M,1.42B,696.00M,16.20B,142.08B,3.382B,43.70B,5.31B,125.86B,129.89B,118.41B,818.00M,0,6.38B,,,,,,,565.00M,603.00M,418.00M,530.00M,506.00M
FITB,2017-09,185.00M,36.37B,4.70B,1.37,1.35,3.289B,5.341B,2017-09,1.014B,87.35B,2.681B,14.04B,2.071B,1.489B,475.00M,1.448B,687.00M,16.36B,142.26B,3.382B,40.42B,7.527B,125.88B,135.40B,115.84B,1.682B,0,4.043B,,,,,,,180.00M,173.00M,104.00M,149.00M,169.00M
FITB,2017-06,163.00M,35.58B,4.352B,0.46,0.45,3.29B,5.257B,2017-06,367.00M,86.83B,2.76B,13.46B,1.617B,494.00M,127.00M,1.447B,677.00M,16.42B,141.07B,3.382B,39.74B,6.742B,124.62B,134.10B,115.72B,638.00M,0,4.157B,,,,,,,1.517B,1.546B,1.289B,1.563B,1.52B
FITB,2017-03,68.00M,34.77B,950.00M,0.38,0.38,3.206B,5.343B,2017-03,305.00M,86.91B,2.754B,13.66B,1.655B,396.00M,91.00M,1.401B,707.00M,16.43B,140.20B,3.382B,38.86B,3.444B,123.74B,133.30B,118.20B,667.00M,0,4.092B,,,,,,,635.00M,647.00M,994.00M,521.00M,521.00M
FITB,2016-12,59.00M,35.72B,2.50B,0.49,0.49,3.169B,5.37B,2016-12,377.00M,87.62B,2.803B,14.39B,1.80B,652.00M,275.00M,1.413B,663.00M,16.20B,142.18B,3.382B,43.51B,5.093B,125.94B,129.62B,118.58B,792.00M,0,6.648B,,,,,,,13.77B,13.56B,13.20B,13.03B,12.57B
FITB,2016-09,755.00M,35.24B,1.95B,0.66,0.65,3.045B,5.366B,2016-09,516.00M,88.94B,2.855B,16.89B,2.178B,694.00M,178.00M,1.438B,680.00M,16.78B,143.28B,3.382B,39.24B,5.086B,126.48B,136.51B,118.87B,621.00M,0,3.995B,,,,,,,117.54B,116.75B,116.97B,114.90B,110.80B
FITB,2016-06,889.00M,35.03B,2.45B,0.4,0.39,3.047B,5.384B,2016-06,328.00M,89.51B,2.90B,16.23B,2.187B,427.00M,103.00M,1.427B,679.00M,16.73B,143.62B,3.382B,39.00B,5.496B,126.87B,136.68B,118.88B,649.00M,0,3.978B,,,,,,,2.449B,2.449B,2.449B,2.449B,2.449B
FITB,2016-03,684.00M,33.36B,2.00B,0.4,0.4,3.112B,5.387B,2016-03,326.00M,89.16B,2.923B,15.30B,2.011B,435.00M,109.00M,1.479B,691.00M,16.32B,142.43B,3.382B,37.32B,4.93B,126.08B,135.57B,118.52B,658.00M,0,3.956B,,,,,,,4.357B,3.863B,26.28B,4.376B,3.75B
FITB,2015-12,197.00M,33.65B,0,0.8,0.79,3.213B,5.412B,2015-12,656.00M,88.36B,2.946B,15.81B,2.164B,948.00M,292.00M,1.521B,643.00M,15.84B,141.05B,3.382B,41.44B,3.24B,125.18B,128.31B,119.60B,942.00M,0,5.836B,,,,,,,6.745B,4.632B,5.429B,6.628B,4.172B
FITB,2015-09,522.00M,32.65B,3.452B,0.46,0.45,3.186B,5.396B,2015-09,381.00M,89.41B,2.944B,15.53B,1.99B,515.00M,134.00M,1.546B,646.00M,15.83B,141.92B,3.382B,36.54B,6.388B,126.06B,134.96B,117.06B,608.00M,0,3.898B,,,,,,,103.72B,103.14B,103.72B,101.85B,98.20B
FITB,2015-06,291.00M,33.62B,2.85B,0.36,0.36,3.283B,5.366B,2015-06,315.00M,88.52B,2.968B,13.52B,1.858B,417.00M,108.00M,1.482B,639.00M,15.60B,141.66B,3.382B,37.50B,5.599B,126.02B,134.39B,117.06B,503.00M,0,3.881B,,,,,,,115.15B,114.51B,103.24B,112.56B,108.42B
FITB,2015-03,588.00M,34.00B,1.413B,0.42,0.42,3.219B,5.534B,2015-03,361.00M,86.88B,3.128B,14.06B,1.979B,485.00M,124.00M,1.431B,636.00M,15.86B,140.47B,3.382B,37.79B,3.592B,124.57B,133.52B,117.47B,596.00M,0,3.786B,,,,,,,93.96B,95.44B,95.02B,91.85B,90.75B
FITB,2014-12,429.00M,32.81B,2.73B,0.44,0.43,3.289B,5.55B,2014-12,385.00M,86.30B,3.193B,14.97B,2.02B,519.00M,134.00M,1.456B,614.00M,15.63B,138.71B,3.382B,40.58B,3.159B,123.04B,125.39B,117.24B,573.00M,0,5.591B,,,,,,,620.00M,739.00M,994.00M,521.00M,521.00M
FITB,2014-09,301.00M,29.67B,3.146B,0.39,0.39,3.367B,5.501B,2014-09,340.00M,86.30B,3.199B,14.34B,1.706B,464.00M,124.00M,1.362B,598.00M,15.40B,134.19B,3.382B,33.23B,4.584B,118.74B,127.51B,111.63B,567.00M,0,3.554B,,,,,,,,,,,
FITB,2014-06,382.00M,28.51B,2.717B,0.49,0.49,3.364B,5.423B,2014-06,439.00M,86.14B,3.158B,13.96B,1.824B,606.00M,167.00M,1.488B,613.00M,15.47B,132.56B,3.382B,32.08B,5.123B,117.05B,125.68B,109.91B,689.00M,0,3.567B,,,,,,,,,,,
FITB,2014-03,196.00M,26.10B,1.38B,0.36,0.36,3.409B,3.242B,2014-03,318.00M,85.42B,3.242B,11.23B,1.669B,438.00M,119.00M,1.412B,624.00M,14.83B,129.65B,3.085B,29.68B,4.654B,114.79B,122.92B,108.11B,593.00M,0,3.577B,,,,,,,,,,,
FITB,2013-12,82.00M,26.14B,0,0.44,0.43,3.406B,5.427B,2013-12,403.00M,84.35B,3.261B,9.633B,1.758B,561.00M,159.00M,1.516B,646.00M,14.59B,130.44B,3.085B,33.22B,3.422B,115.82B,117.54B,108.91B,609.00M,0,5.431B,,,,,,,,,,,
FITB,2013-09,218.00M,23.59B,3.487B,0.47,0.47,3.356B,3.235B,2013-09,421.00M,83.31B,3.235B,8.098B,1.692B,604.00M,183.00M,1.478B,647.00M,14.64B,125.67B,2.644B,27.16B,5.404B,110.99B,119.21B,102.22B,705.00M,0,3.572B,,,,,,,,,,,
FITB,2013-06,149.00M,19.69B,2.112B,0.67,0.65,3.338B,3.185B,2013-06,591.00M,83.88B,3.185B,6.94B,1.619B,841.00M,250.00M,1.646B,664.00M,14.24B,123.36B,3.042B,23.25B,4.367B,109.08B,117.40B,100.39B,881.00M,0,3.567B,,,,,,,,,,,
FITB,2013-03,333.00M,19.74B,2.439B,0.47,0.46,3.213B,3.138B,2013-03,422.00M,83.02B,3.138B,8.32B,1.599B,591.00M,179.00M,1.583B,682.00M,13.88B,121.38B,2.449B,23.30B,4.424B,107.46B,115.63B,99.94B,664.00M,0,3.568B,,,,,,,,,,,
FITB,2012-12,375.00M,19.32B,6.28B,0.44,0.43,3.14B,5.101B,2012-12,398.00M,83.32B,3.123B,7.085B,1.708B,540.00M,145.00M,1.557B,709.00M,13.72B,121.89B,2.449B,26.45B,8.889B,108.13B,109.29B,96.60B,678.00M,0,5.083B,,,,,,,,,,,
FITB,2012-09,468.00M,3.776B,5.503B,0.39,0.38,3.126B,3.062B,2012-09,363.00M,82.94B,3.062B,8.127B,1.588B,503.00M,139.00M,1.519B,656.00M,13.72B,117.48B,2.449B,3.776B,7.777B,103.71B,114.99B,92.82B,637.00M,0,4.873B,,,,,,,,,,,
FITB,2012-06,454.00M,4.357B,4.613B,0.41,0.4,3.186B,3.017B,2012-06,385.00M,82.21B,3.017B,9.685B,1.491B,565.00M,180.00M,1.517B,635.00M,13.77B,117.54B,2.449B,4.357B,6.745B,103.72B,115.15B,93.96B,620.00M,0,0,,,,,,,,,,,
FITB,2012-03,468.00M,3.863B,2.877B,0.46,0.45,3.22B,2.98B,2012-03,430.00M,81.57B,2.98B,9.648B,1.436B,603.00M,173.00M,1.546B,647.00M,13.56B,116.75B,2.449B,3.863B,4.632B,103.14B,114.51B,95.44B,739.00M,0,0,,,,,,,,,,,
FITB,2011-12,470.00M,18.96B,3.239B,0.33,0.32,3.138B,4.806B,2011-12,314.00M,78.19B,2.944B,9.307B,1.469B,418.00M,104.00M,1.289B,994.00M,13.20B,116.97B,2.449B,26.28B,5.429B,103.72B,103.24B,95.02B,994.00M,0,0,,,,,,,,,,,
FITB,2011-09,542.00M,4.376B,4.894B,0.41,0.4,3.124B,2.872B,2011-09,381.00M,78.62B,2.872B,9.80B,1.307B,530.00M,149.00M,1.563B,521.00M,13.03B,114.90B,2.449B,4.376B,6.628B,101.85B,112.56B,91.85B,521.00M,0,0,,,,,,,,,,,
FITB,2011-06,396.00M,3.75B,2.702B,0.36,0.35,3.313B,2.887B,2011-06,337.00M,76.54B,2.887B,10.15B,1.067B,506.00M,169.00M,1.52B,521.00M,12.57B,110.80B,2.449B,3.75B,4.172B,98.20B,108.42B,90.75B,521.00M,0,0,,,,,,,,,,,
