Ticker,Date,Accrued Comprehensive Inc,Cash and Short Term Investments,Cost of Goods Sold,Current Debt & Capital Lease Obligation,Current Deferred Liabilities,EPS Basic,EPS Diluted,Goodwill and Intangibles,Gross PP&E,Gross Profit,Income (Quarterly),Net Income,Net Non-Operating Interest Income Expense,Net Operating Interest Income,Net PP&E,Non-Current Deferred Liabilities,Non-Current Portion of LTD and Capital Lease Obligation,Operating Income,Payables and Accrued Expenses,Pre-Tax Income,Provision for Income Taxes,Revenue,SG&A Expense,Shareholders Equity,Total Assets,Total Capital Stock,Total Current Assets,Total Current Liabilities,Total Liabilities,Total Long Term Assets,Total Long Term Liabilities,Total Operating Expenses,Total Payables,Total Receivables
FLT,2020-12,-1.363B,934.90M,121.51M,1.206B,1.175B,2.51,2.44,6.835B,468.69M,495.82M,2020-12,209.85M,-30.33M,-30.33M,202.51M,498.15M,3.127B,293.94M,1.337B,263.19M,53.34M,617.33M,138.70M,3.355B,11.19B,0.126M,3.956B,3.968B,7.839B,7.238B,3.871B,201.88M,1.133B,1.367B
FLT,2020-09,-1.583B,788.85M,119.86M,1.334B,1.124B,2.26,2.19,6.729B,413.80M,465.43M,2020-09,188.82M,-31.38M,-31.38M,189.95M,506.10M,3.159B,264.53M,1.597B,235.41M,46.59M,585.28M,137.63M,2.938B,11.09B,0.126M,3.971B,4.196B,8.156B,7.123B,3.960B,200.90M,1.297B,1.553B
FLT,2020-06,-1.582B,765.79M,121.29M,1.245B,887.60M,1.89,1.83,6.704B,351.68M,403.86M,2020-06,158.49M,-32.41M,-32.41M,185.60M,501.23M,3.202B,212.81M,1.340B,211.63M,53.14M,525.15M,129.11M,2.966B,10.63B,0.126M,3.464B,3.627B,7.660B,7.163B,4.033B,191.04M,1.096B,1.279B
FLT,2020-03,-1.592B,1.071B,233.70M,1.913B,906.06M,1.73,1.67,6.754B,0,427.39M,2020-03,147.06M,-35.68M,-35.68M,183.23M,486.55M,3.246B,200.98M,1.309B,172.30M,25.24M,661.09M,161.97M,2.796B,11.31B,0.125M,4.129B,4.460B,8.514B,7.181B,4.054B,226.41M,1.059B,1.338B
FLT,2019-12,-972.46M,1.271B,146.08M,1.747B,1.008B,2.72,2.6,7.175B,0,552.80M,2019-12,235.51M,-34.96M,-34.96M,199.82M,519.98M,3.290B,320.80M,1.525B,298.56M,63.05M,698.88M,161.49M,3.712B,12.25B,0.124M,4.619B,4.463B,8.537B,7.630B,4.074B,232.00M,1.320B,1.569B
FLT,2019-09,-1.115B,1.059B,135.02M,1.165B,957.67M,2.61,2.49,7.023B,0,546.03M,2019-09,225.80M,-36.50M,-36.50M,185.52M,457.17M,3.307B,329.14M,1.667B,292.76M,66.95M,681.05M,149.84M,3.900B,11.91B,0.123M,4.440B,3.979B,8.014B,7.474B,4.035B,216.89M,1.376B,1.704B
FLT,2019-06,-928.20M,1.170B,120.46M,1.932B,870.22M,3.03,2.9,7.138B,0,526.64M,2019-06,261.65M,-39.53M,-39.53M,190.22M,452.11M,2.676B,297.32M,1.794B,257.26M,-4.391M,647.09M,158.64M,3.843B,11.98B,0.123M,4.386B,4.749B,8.132B,7.589B,3.383B,229.32M,1.524B,1.727B
FLT,2019-03,-934.19M,1.057B,129.11M,1.807B,768.34M,2,1.93,6.905B,0,492.71M,2019-03,172.11M,-39.06M,-39.06M,186.25M,494.02M,2.708B,284.18M,1.830B,229.24M,57.13M,621.82M,142.04M,3.531B,11.51B,0.123M,4.172B,4.562B,7.984B,7.343B,3.422B,208.54M,1.519B,1.655B
FLT,2018-12,-913.86M,1.031B,131.61M,2.071B,926.68M,3.45,3.33,6.950B,0,511.81M,2018-12,302.00M,-38.21M,-38.21M,186.20M,491.95M,2.748B,284.74M,1.379B,397.06M,95.06M,643.42M,150.98M,3.340B,11.20B,0.123M,3.876B,4.495B,7.862B,7.326B,3.367B,227.08M,1.203B,1.426B
FLT,2018-09,-944.75M,924.44M,128.40M,1.700B,825.37M,1.78,1.71,6.956B,0,491.19M,2018-09,157.69M,-36.07M,-36.07M,184.98M,506.31M,2.773B,281.09M,1.869B,237.57M,79.87M,619.59M,142.86M,3.562B,11.45B,0.123M,4.133B,4.484B,7.889B,7.318B,3.404B,210.10M,1.617B,1.811B
FLT,2018-06,-870.69M,919.66M,111.20M,1.916B,852.62M,1.98,1.91,7.071B,310.57M,473.78M,2018-06,176.85M,-33.15M,-33.15M,179.10M,498.92M,2.832B,264.78M,1.747B,231.18M,54.32M,584.98M,140.44M,3.439B,11.49B,0.123M,4.049B,4.602B,8.046B,7.436B,3.445B,209.00M,1.533B,1.717B
FLT,2018-03,-508.60M,979.57M,116.48M,1.622B,746.33M,1.95,1.88,7.427B,271.53M,469.02M,2018-03,174.94M,-31.06M,-31.06M,184.03M,505.15M,2.868B,260.09M,1.871B,229.32M,54.38M,585.50M,137.48M,3.888B,11.69B,0.123M,3.907B,4.308B,7.804B,7.785B,3.497B,208.93M,1.609B,1.692B
FLT,2017-12,-551.86M,913.60M,113.18M,1.617B,732.17M,3.15,3.05,7.441B,253.36M,496.81M,2017-12,282.70M,-30.82M,-30.82M,180.06M,518.91M,2.902B,240.01M,1.676B,208.33M,-74.37M,609.99M,190.90M,3.677B,11.32B,0.122M,3.550B,4.096B,7.642B,7.769B,3.546B,256.80M,1.501B,1.420B
FLT,2017-09,-466.37M,834.76M,111.28M,1.603B,731.50M,2.23,2.18,7.521B,251.39M,466.59M,2017-09,202.82M,-29.34M,-29.34M,168.06M,742.50M,2.934B,232.64M,1.721B,327.50M,124.68M,577.88M,164.80M,3.430B,11.33B,0.122M,3.522B,4.173B,7.900B,7.809B,3.727B,233.96M,1.436B,1.456B
FLT,2017-06,-610.05M,564.58M,103.32M,1.443B,688.57M,1.42,1.39,6.775B,189.66M,437.92M,2017-06,130.99M,-23.85M,-23.85M,154.28M,637.16M,2.395B,216.04M,1.447B,190.39M,59.40M,541.24M,157.16M,3.406B,10.10B,0.122M,3.045B,3.619B,6.696B,7.056B,3.077B,221.87M,1.241B,1.430B
FLT,2017-03,-572.79M,546.56M,101.82M,1.408B,589.39M,1.34,1.31,6.861B,177.17M,418.61M,2017-03,123.69M,-23.13M,-23.13M,149.04M,666.57M,2.461B,195.07M,1.460B,167.37M,43.68M,520.43M,158.68M,3.342B,10.01B,0.122M,2.882B,3.501B,6.668B,7.128B,3.167B,223.54M,1.246B,1.361B
FLT,2016-12,-666.40M,475.02M,98.68M,1.337B,530.79M,1.03,1,6.848B,0,416.28M,2016-12,95.42M,-21.99M,-21.99M,142.50M,668.58M,2.522B,215.98M,1.390B,153.46M,58.03M,514.95M,138.89M,3.084B,9.627B,0.121M,2.528B,3.296B,6.543B,7.099B,3.246B,200.30M,1.256B,1.202B
FLT,2016-09,-612.15M,405.44M,96.23M,1.384B,595.40M,1.4,1.36,6.943B,0,388.19M,2016-09,129.62M,-17.81M,-17.81M,144.49M,692.22M,2.552B,191.06M,1.437B,170.20M,40.59M,484.43M,140.30M,3.179B,9.916B,0.121M,2.685B,3.455B,6.738B,7.231B,3.283B,197.14M,1.230B,1.335B
FLT,2016-06,-559.74M,493.08M,80.69M,824.16M,503.11M,1.25,1.22,5.670B,0,337.21M,2016-06,116.25M,-15.90M,-15.90M,90.42M,705.13M,2.008B,171.17M,1.065B,162.35M,46.10M,417.90M,117.84M,3.083B,8.269B,0.121M,2.351B,2.432B,5.186B,5.918B,2.754B,166.05M,904.15M,908.38M
FLT,2016-03,-539.61M,399.32M,79.81M,742.13M,471.11M,1.2,1.17,5.719B,0,334.45M,2016-03,111.09M,-16.19M,-16.19M,85.60M,713.40M,2.033B,175.96M,982.31M,156.91M,45.82M,414.26M,122.38M,2.988B,8.012B,0.121M,2.055B,2.238B,5.024B,5.957B,2.786B,158.49M,796.80M,880.81M
FLT,2015-12,-570.81M,447.15M,84.19M,875.10M,507.23M,0.57,0.56,5.730B,163.57M,346.41M,2015-12,52.83M,-16.52M,-16.52M,80.76M,713.43M,2.060B,146.15M,820.20M,85.71M,32.88M,430.60M,154.01M,2.830B,7.890B,0.121M,1.945B,2.247B,5.060B,5.945B,2.812B,200.26M,675.50M,638.95M
FLT,2015-09,-332.61M,422.39M,90.96M,1.002B,461.96M,1.27,1.24,5.983B,154.99M,360.53M,2015-09,116.77M,-17.16M,-17.16M,75.86M,759.87M,2.087B,188.46M,939.39M,165.36M,48.59M,451.49M,125.25M,2.963B,8.285B,0.12M,2.034B,2.441B,5.323B,6.252B,2.881B,172.07M,760.41M,731.96M
FLT,2015-06,-243.14M,384.18M,74.56M,1.246B,456.69M,1.07,1.05,6.105B,146.98M,330.04M,2015-06,98.68M,-18.09M,-18.09M,73.16M,794.14M,2.112B,169.15M,976.53M,145.29M,46.61M,404.60M,112.41M,2.907B,8.575B,0.12M,2.201B,2.722B,5.668B,6.374B,2.946B,160.89M,815.54M,811.48M
FLT,2015-03,-249.99M,379.39M,81.36M,1.336B,451.59M,1.03,1,6.131B,137.61M,334.81M,2015-03,94.15M,-19.57M,-19.57M,72.07M,794.38M,2.140B,163.77M,927.90M,139.65M,45.50M,416.17M,123.38M,2.780B,8.505B,0.12M,2.109B,2.756B,5.725B,6.395B,2.968B,171.04M,775.93M,773.47M
FLT,2014-12,-291.51M,477.07M,56.18M,1.425B,492.26M,1.25,1.21,6.099B,135.06M,320.51M,2014-12,109.54M,-13.23M,-13.23M,73.56M,799.94M,2.169B,172.62M,895.05M,140.30M,30.76M,376.70M,139.59M,2.619B,8.525B,0.12M,2.137B,2.897B,5.906B,6.387B,3.010B,147.89M,745.65M,673.80M
FLT,2014-09,-93.15M,304.11M,41.45M,919.94M,180.13M,1.14,1.11,2.422B,127.34M,253.83M,2014-09,95.51M,-4.859M,-4.859M,56.18M,233.70M,434.82M,144.21M,721.95M,136.55M,41.04M,295.28M,83.91M,1.559B,4.224B,0.12M,1.505B,1.929B,2.666B,2.720B,736.94M,109.62M,612.69M,715.66M
FLT,2014-06,-24.67M,297.64M,38.84M,1.021B,193.60M,1.07,1.03,2.422B,125.20M,234.66M,2014-06,88.55M,-5.308M,-5.308M,56.50M,245.98M,450.21M,134.48M,697.51M,127.96M,39.41M,273.50M,75.74M,1.476B,4.253B,0.118M,1.523B,2.028B,2.778B,2.730B,749.86M,100.17M,573.48M,688.53M
FLT,2014-03,-31.50M,283.37M,36.86M,926.37M,174.68M,0.91,0.88,2.422B,118.46M,217.05M,2014-03,75.11M,-5.461M,-5.461M,54.89M,248.07M,459.92M,114.14M,689.78M,108.13M,33.02M,253.91M,78.50M,1.366B,4.037B,0.118M,1.471B,1.910B,2.671B,2.565B,760.44M,102.92M,578.51M,682.75M
FLT,2013-12,-47.43M,338.10M,38.60M,1.011B,182.54M,0.83,0.8,2.424B,111.10M,216.90M,2013-12,68.12M,-5.501M,-5.501M,53.96M,249.50M,474.94M,106.05M,582.07M,100.08M,31.96M,255.50M,86.69M,1.244B,3.932B,0.117M,1.354B,1.909B,2.688B,2.579B,779.44M,110.85M,530.40M,573.35M
FLT,2013-09,-19.21M,345.69M,33.47M,654.89M,177.51M,0.96,0.93,1.886B,108.29M,191.68M,2013-09,78.62M,-3.756M,-3.756M,48.80M,225.16M,479.08M,111.26M,636.47M,107.66M,29.04M,225.15M,62.36M,1.174B,3.475B,0.117M,1.491B,1.597B,2.301B,1.985B,704.24M,80.42M,567.42M,661.90M
FLT,2013-06,-37.50M,292.90M,32.01M,548.09M,158.46M,0.9,0.87,1.510B,101.37M,188.86M,2013-06,73.10M,-3.756M,-3.756M,46.65M,176.50M,486.00M,109.07M,594.03M,105.32M,32.22M,220.87M,63.90M,1.050B,3.013B,0.117M,1.406B,1.301B,1.963B,1.607B,662.50M,79.78M,528.16M,627.68M
FLT,2013-03,-14.08M,224.61M,29.94M,507.38M,170.04M,0.8,0.77,1.475B,97.10M,163.71M,2013-03,64.66M,-3.448M,-3.448M,45.89M,175.55M,491.99M,94.25M,562.42M,90.51M,25.85M,193.65M,54.83M,983.01M,2.890B,0.116M,1.318B,1.240B,1.907B,1.572B,667.54M,69.46M,501.04M,626.46M
FLT,2012-12,-3.346M,283.65M,32.28M,439.88M,187.63M,0.72,0.7,1.390B,93.90M,170.33M,2012-12,60.07M,-3.39M,-3.39M,45.20M,180.61M,485.22M,93.17M,494.42M,89.18M,29.11M,202.62M,62.04M,913.82M,2.722B,0.116M,1.195B,1.142B,1.808B,1.527B,665.83M,77.16M,467.40M,525.44M
FLT,2012-09,-5.067M,655.06M,30.57M,228.64M,177.95M,0.71,0.69,1.390B,117.01M,156.36M,2012-09,59.65M,-3.246M,-3.246M,46.54M,172.79M,278.86M,85.83M,593.81M,82.59M,22.94M,186.93M,56.94M,1.035B,2.842B,0.116M,1.318B,1.355B,1.807B,1.524B,451.65M,70.53M,533.11M,578.82M
FLT,2012-06,-13.84M,580.58M,27.01M,129.87M,170.64M,0.65,0.63,1.184B,101.88M,144.81M,2012-06,54.40M,-2.818M,-2.818M,35.68M,141.61M,285.95M,81.45M,509.69M,78.70M,24.30M,171.82M,51.75M,941.92M,2.505B,0.115M,1.198B,1.135B,1.563B,1.306B,427.56M,63.36M,474.84M,545.80M
FLT,2012-03,-4.644M,628.12M,25.58M,179.36M,174.98M,0.51,0.49,1.137B,99.48M,120.59M,2012-03,42.08M,-3.563M,-3.563M,34.23M,133.31M,274.88M,64.48M,574.35M,60.32M,18.24M,146.16M,44.39M,883.04M,2.561B,0.114M,1.307B,1.270B,1.678B,1.254B,408.19M,56.11M,534.11M,599.81M
FLT,2011-12,-13.72M,285.16M,-10.57M,425.84M,180.27M,0.47,0.45,1.146B,93.38M,150.73M,2011-12,37.77M,-3.433M,-3.433M,32.72M,132.75M,278.43M,54.23M,520.45M,50.78M,13.01M,140.16M,86.58M,811.44M,2.349B,0.114M,1.124B,1.127B,1.538B,1.225B,411.18M,96.50M,489.14M,481.79M
FLT,2011-09,-8.646M,137.28M,34.22M,15.24M,168.26M,0.5,0.48,876.93M,90.44M,99.99M,2011-09,40.51M,-3.13M,-3.13M,30.37M,92.12M,281.48M,61.72M,270.62M,59.11M,18.60M,134.21M,29.21M,761.82M,1.740B,0.113M,786.93M,604.12M,977.72M,952.61M,373.60M,38.26M,241.42M,569.53M
FLT,2011-06,-3.761M,263.20M,34.66M,15.24M,78.23M,0.46,0.44,788.40M,90.77M,99.56M,2011-06,36.72M,-3.451M,-3.451M,27.80M,78.60M,285.29M,59.89M,286.51M,53.83M,17.11M,134.21M,31.08M,713.03M,1.619B,0.112M,755.27M,541.99M,905.88M,863.64M,363.89M,39.66M,234.87M,387.80M
FLT,2011-03,-4.129M,119.78M,26.21M,11.13M,81.02M,0.4,0.39,792.08M,87.41M,84.80M,2011-03,32.34M,-3.363M,-3.363M,27.10M,81.35M,317.29M,50.49M,309.77M,47.16M,14.82M,111.00M,25.70M,667.67M,1.622B,0.112M,759.87M,555.92M,954.55M,862.35M,398.64M,34.31M,250.76M,532.95M
