Ticker,Date,Accrued Comprehensive Inc,Cash and Short Term Investments,Cost of Goods Sold,Current Debt & Capital Lease Obligation,Current Deferred Liabilities,EPS Basic,EPS Diluted,Goodwill and Intangibles,Gross PP&E,Gross Profit,Income (Quarterly),Inventories,Net Income,Net Non-Operating Interest Income Expense,Net Operating Interest Income,Net PP&E,Non-Current Deferred Liabilities,Non-Current Portion of LTD and Capital Lease Obligation,Operating Income,Payables and Accrued Expenses,Pre-Tax Income,Provision for Income Taxes,Research and Development Expense,Revenue,SG&A Expense,Shareholders Equity,Total Assets,Total Capital Stock,Total Current Assets,Total Current Liabilities,Total Liabilities,Total Long Term Assets,Total Long Term Liabilities,Total Operating Expenses,Total Payables,Total Receivables
FMC,2020-12,-282.20M,568.90M,650.80M,363.90M,452.90M,0.38,0.38,4.252B,1.339B,501.40M,2020-12,1.096B,49.50M,-34.20M,-34.20M,919.00M,474.60M,3.081B,224.00M,1.700B,107.50M,68.60M,84.60M,1.152B,181.60M,2.962B,10.19B,18.60M,4.376B,2.829B,7.202B,5.811B,4.373B,277.40M,1.091B,2.528B
FMC,2020-09,-357.90M,297.10M,618.20M,194.10M,5.50M,0.86,0.85,4.075B,1.158B,466.40M,2020-09,1.156B,111.40M,-35.50M,-35.50M,739.20M,345.40M,3.028B,203.00M,2.067B,148.90M,18.40M,71.70M,1.085B,187.70M,2.944B,9.772B,18.60M,4.015B,2.368B,6.804B,5.757B,4.436B,263.40M,853.10M,2.138B
FMC,2020-06,-415.20M,342.70M,632.60M,505.90M,7.00M,1.42,1.41,4.065B,1.123B,522.70M,2020-06,1.138B,184.40M,-40.70M,-40.70M,733.80M,337.20M,3.028B,287.40M,2.057B,225.00M,29.20M,64.30M,1.155B,171.00M,2.822B,9.994B,18.60M,4.288B,2.683B,7.143B,5.706B,4.460B,235.30M,935.40M,2.342B
FMC,2020-03,-426.80M,436.20M,688.50M,250.20M,213.50M,1.59,1.58,4.071B,1.095B,561.50M,2020-03,1.063B,206.20M,-40.80M,-40.80M,735.70M,333.90M,3.532B,298.40M,1.924B,248.40M,34.70M,67.30M,1.25B,189.40M,2.675B,10.19B,18.60M,4.472B,2.456B,7.486B,5.717B,5.03B,263.10M,904.90M,2.460B
FMC,2019-12,-412.00M,339.10M,641.30M,259.20M,601.90M,-0.02,-0.02,4.214B,1.274B,556.00M,2019-12,1.017B,-3.20M,-42.90M,-42.90M,922.70M,568.90M,3.194B,159.40M,1.618B,66.60M,35.90M,76.40M,1.197B,223.80M,2.532B,9.873B,18.60M,4.075B,2.724B,7.311B,5.798B,4.587B,396.60M,1.019B,2.460B
FMC,2019-09,-426.80M,419.70M,581.90M,553.60M,19.00M,0.69,0.69,4.099B,1.050B,432.40M,2019-09,1.167B,90.40M,-41.60M,-41.60M,728.40M,335.20M,3.032B,162.60M,1.870B,119.50M,8.70M,77.40M,1.014B,188.30M,2.649B,9.804B,18.60M,4.078B,2.522B,7.124B,5.726B,4.603B,269.80M,745.30M,2.001B
FMC,2019-06,-353.50M,83.40M,655.60M,1.094B,68.90M,1.32,1.32,4.143B,1.038B,550.50M,2019-06,1.153B,174.50M,-39.50M,-39.50M,730.30M,340.60M,2.144B,280.50M,1.989B,225.00M,30.60M,73.10M,1.206B,196.90M,2.764B,9.824B,18.60M,4.097B,3.230B,7.030B,5.728B,3.800B,270.00M,864.90M,2.384B
FMC,2019-03,-324.40M,109.50M,647.40M,993.80M,283.30M,1.63,1.62,4.151B,1.028B,544.70M,2019-03,1.137B,215.70M,-34.50M,-34.50M,733.80M,329.60M,2.145B,287.00M,1.976B,243.90M,36.30M,71.20M,1.192B,183.90M,2.761B,9.946B,18.60M,4.204B,3.338B,7.154B,5.742B,3.817B,257.70M,978.00M,2.530B
FMC,2018-12,-308.90M,134.40M,607.70M,547.70M,561.50M,0.24,0.24,4.233B,1.045B,491.70M,2018-12,1.026B,32.40M,-31.40M,-31.40M,756.90M,682.70M,2.162B,190.60M,1.642B,146.10M,-10.60M,76.80M,1.099B,202.60M,3.121B,9.974B,18.60M,4.030B,2.993B,6.764B,5.944B,3.770B,301.10M,933.80M,2.359B
FMC,2018-09,-299.50M,176.50M,528.40M,149.40M,30.10M,0.54,0.54,4.206B,1.469B,395.20M,2018-09,995.40M,72.80M,-33.40M,-33.40M,1.003B,330.60M,2.593B,130.50M,2.049B,72.90M,22.00M,70.10M,923.60M,194.60M,3.046B,9.407B,18.60M,3.491B,2.272B,6.329B,5.916B,4.057B,264.70M,914.40M,1.902B
FMC,2018-06,-293.20M,326.40M,664.00M,174.50M,56.50M,0.96,0.96,3.974B,1.487B,490.40M,2018-06,958.70M,129.70M,-34.40M,-34.40M,1.014B,165.90M,2.893B,214.20M,2.166B,98.70M,-1.10M,75.90M,1.154B,200.30M,2.996B,9.718B,18.60M,3.993B,2.448B,6.692B,5.725B,4.244B,276.20M,1.057B,2.194B
FMC,2018-03,-185.50M,359.70M,605.40M,328.90M,191.60M,1.98,1.96,4.048B,1.491B,502.50M,2018-03,1.035B,267.20M,-33.90M,-33.90M,1.030B,179.10M,2.993B,245.10M,2.093B,290.70M,60.50M,64.90M,1.108B,192.50M,2.987B,10.15B,18.60M,4.336B,2.686B,7.134B,5.814B,4.448B,257.40M,1.069B,2.400B
FMC,2017-12,-240.30M,283.00M,396.90M,192.60M,446.30M,3.94,3.94,3.857B,1.461B,235.30M,2017-12,992.50M,530.10M,-27.80M,-27.80M,1.025B,455.90M,3.016B,-11.30M,1.431B,-69.90M,227.80M,48.00M,632.20M,182.40M,2.682B,9.206B,18.60M,3.653B,2.209B,6.499B,5.554B,4.290B,246.60M,835.70M,2.174B
FMC,2017-09,-288.60M,93.80M,380.30M,214.20M,6.40M,0.41,0.41,1.277B,978.20M,265.90M,2017-09,614.80M,55.20M,-18.40M,-18.40M,547.00M,159.60M,1.493B,81.20M,1.198B,59.30M,-11.60M,30.20M,646.20M,154.50M,2.120B,6.057B,18.60M,3.574B,1.631B,3.922B,2.483B,2.291B,184.70M,478.40M,1.458B
FMC,2017-06,-353.40M,113.20M,422.40M,192.50M,5.60M,0.56,0.56,1.265B,952.90M,234.40M,2017-06,546.30M,74.70M,-17.20M,-17.20M,538.30M,151.00M,1.592B,71.90M,1.132B,52.00M,3.30M,32.00M,656.80M,130.50M,2.012B,5.984B,18.60M,3.486B,1.542B,3.958B,2.498B,2.416B,162.50M,458.10M,1.442B
FMC,2017-03,-425.50M,96.10M,379.80M,217.30M,30.10M,-0.93,-0.93,1.235B,934.70M,216.20M,2017-03,526.40M,-124.20M,-15.70M,-15.70M,535.10M,137.00M,1.790B,73.70M,1.029B,54.40M,9.40M,28.20M,596.00M,114.30M,1.877B,6.036B,18.60M,3.554B,1.489B,4.145B,2.482B,2.656B,142.50M,410.00M,1.631B
FMC,2016-12,-478.40M,64.20M,423.20M,94.20M,239.80M,0.12,0.12,1.250B,921.60M,265.20M,2016-12,478.90M,15.90M,-16.50M,-16.50M,538.10M,160.90M,1.827B,94.50M,848.50M,12.10M,2.70M,36.50M,688.40M,114.50M,1.958B,6.139B,18.60M,2.849B,1.438B,4.146B,3.290B,2.708B,170.70M,350.50M,1.813B
FMC,2016-09,-381.50M,130.70M,414.20M,63.20M,5.00M,0.59,0.59,1.648B,1.821B,214.60M,2016-09,817.40M,79.70M,-15.40M,-15.40M,1.031B,174.60M,1.913B,76.00M,1.146B,55.00M,6.50M,30.60M,628.80M,99.90M,2.084B,6.210B,18.60M,2.804B,1.309B,4.089B,3.406B,2.780B,138.60M,396.90M,1.603B
FMC,2016-06,-406.90M,93.60M,379.90M,53.20M,5.10M,0.49,0.49,1.647B,1.796B,235.40M,2016-06,881.90M,65.20M,-15.20M,-15.20M,1.026B,172.60M,1.989B,89.10M,1.187B,67.30M,20.50M,33.20M,615.30M,110.60M,1.997B,6.282B,18.60M,2.899B,1.354B,4.240B,3.383B,2.886B,146.30M,471.60M,1.628B
FMC,2016-03,-394.10M,64.30M,390.40M,114.20M,51.00M,0.36,0.36,1.670B,1.814B,216.00M,2016-03,854.90M,48.30M,-15.80M,-15.80M,1.028B,181.90M,1.986B,65.10M,1.199B,46.40M,20.40M,34.20M,606.40M,110.10M,1.960B,6.390B,18.60M,2.955B,1.451B,4.387B,3.435B,2.936B,150.90M,545.00M,1.769B
FMC,2015-12,-457.30M,78.60M,90.20M,112.60M,249.90M,-1.53,-1.53,1.650B,1.785B,23.60M,2015-12,800.20M,-204.10M,-2.00M,-2.00M,1.016B,202.30M,2.071B,-92.70M,929.10M,-153.40M,61.60M,33.10M,113.80M,69.80M,1.866B,6.326B,18.60M,2.972B,1.453B,4.418B,3.354B,2.964B,116.30M,445.60M,1.975B
FMC,2015-09,-432.70M,173.70M,610.40M,121.20M,3.90M,-0.02,-0.02,1.581B,1.783B,220.30M,2015-09,906.10M,-2.40M,-20.20M,-20.20M,1.083B,235.50M,2.048B,43.20M,1.257B,-19.70M,-25.10M,37.20M,830.70M,137.00M,2.114B,6.447B,18.60M,3.238B,1.455B,4.292B,3.209B,2.837B,177.10M,550.80M,1.690B
FMC,2015-06,-399.90M,477.50M,581.30M,268.30M,5.40M,5.54,5.52,1.572B,1.828B,305.80M,2015-06,1.041B,742.30M,-24.70M,-24.70M,1.113B,234.70M,2.051B,107.30M,1.643B,75.90M,17.80M,39.00M,887.10M,156.00M,2.170B,7.075B,18.60M,3.806B,1.981B,4.867B,3.270B,2.886B,198.50M,945.80M,1.866B
FMC,2015-03,-409.20M,105.20M,408.70M,907.30M,24.20M,-0.35,-0.35,557.60M,1.581B,250.70M,2015-03,640.80M,-46.80M,-14.00M,-14.00M,902.60M,55.60M,1.151B,-75.70M,930.30M,-110.20M,-49.10M,26.60M,659.40M,297.90M,1.435B,5.312B,18.60M,3.330B,2.016B,3.842B,1.982B,1.827B,326.40M,336.10M,1.537B
FMC,2014-12,-375.80M,109.50M,569.50M,525.20M,190.20M,0.57,0.57,631.50M,1.619B,318.30M,2014-12,607.60M,76.50M,-13.60M,-13.60M,930.00M,84.40M,1.172B,41.90M,837.90M,40.50M,-18.40M,37.80M,887.80M,214.90M,1.530B,5.326B,18.60M,2.934B,1.910B,3.762B,2.392B,1.852B,276.40M,420.60M,1.692B
FMC,2014-09,-163.90M,124.30M,535.60M,580.40M,4.00M,0.42,0.42,625.50M,2.740B,283.50M,2014-09,754.50M,56.30M,-12.80M,-12.80M,1.283B,73.70M,1.152B,95.30M,1.091B,57.30M,3.60M,30.20M,819.10M,140.70M,1.723B,5.251B,18.60M,2.857B,1.742B,3.467B,2.394B,1.725B,188.20M,463.00M,1.573B
FMC,2014-06,-135.70M,114.40M,478.80M,544.20M,4.00M,0.82,0.81,653.40M,2.746B,316.10M,2014-06,738.20M,109.10M,-13.20M,-13.20M,1.285B,75.10M,1.154B,162.70M,1.080B,134.40M,36.40M,32.50M,794.90M,119.60M,1.711B,5.127B,18.60M,2.752B,1.693B,3.359B,2.375B,1.666B,153.40M,430.60M,1.50B
FMC,2014-03,-142.20M,92.50M,463.90M,658.50M,30.40M,0.49,0.49,659.10M,2.711B,293.00M,2014-03,702.80M,65.60M,-11.60M,-11.60M,1.269B,85.20M,1.154B,151.20M,968.40M,131.60M,34.60M,25.80M,756.90M,114.60M,1.633B,5.091B,18.60M,2.752B,1.727B,3.403B,2.338B,1.677B,141.80M,401.60M,1.568B
FMC,2013-12,-201.90M,123.20M,171.20M,697.80M,178.90M,0.2,0.2,694.20M,2.663B,215.40M,2013-12,688.40M,27.10M,-4.90M,-4.90M,1.248B,110.50M,1.186B,59.30M,955.70M,55.70M,18.50M,30.90M,386.60M,122.00M,1.520B,5.235B,18.60M,2.945B,1.987B,3.663B,2.290B,1.676B,156.10M,528.50M,1.579B
FMC,2013-09,-385.40M,109.60M,653.00M,942.40M,18.10M,0.13,0.13,668.30M,2.649B,304.40M,2013-09,707.70M,17.90M,-9.80M,-9.80M,1.164B,45.40M,771.80M,149.50M,1.017B,108.50M,32.00M,29.00M,957.40M,124.90M,1.324B,4.931B,18.60M,2.611B,2.066B,3.557B,2.320B,1.491B,154.90M,424.30M,1.180B
FMC,2013-06,-406.70M,77.40M,548.50M,308.20M,5.20M,0.86,0.86,496.60M,3.058B,327.50M,2013-06,661.20M,118.00M,-11.10M,-11.10M,1.147B,39.80M,762.40M,171.50M,919.80M,155.40M,35.70M,27.70M,876.00M,127.30M,1.548B,4.350B,18.60M,2.183B,1.269B,2.751B,2.167B,1.482B,156.00M,364.00M,1.092B
FMC,2013-03,-406.50M,82.60M,557.10M,43.20M,7.30M,0.95,0.94,496.90M,3.028B,353.60M,2013-03,678.90M,130.90M,-10.50M,-10.50M,1.127B,31.80M,1.234B,202.70M,898.60M,183.60M,45.40M,28.00M,910.70M,121.90M,1.436B,4.448B,18.60M,2.285B,987.70M,2.965B,2.163B,1.977B,150.90M,394.70M,1.223B
FMC,2012-12,-408.90M,77.10M,594.00M,55.60M,140.20M,0.74,0.74,516.10M,2.418B,321.50M,2012-12,642.40M,102.20M,-10.40M,-10.40M,956.20M,0,940.60M,157.20M,787.30M,130.30M,21.30M,29.60M,915.50M,132.40M,1.480B,4.374B,18.60M,2.182B,1.136B,2.819B,2.192B,1.684B,164.30M,455.80M,1.121B
FMC,2012-09,-369.20M,84.40M,523.90M,61.50M,76.20M,0.65,0.65,481.60M,2.943B,298.00M,2012-09,620.50M,90.00M,-9.80M,-9.80M,1.071B,0,807.90M,150.20M,926.10M,135.70M,29.90M,28.10M,821.90M,118.70M,1.425B,4.066B,18.60M,2.026B,1.087B,2.578B,2.040B,1.490B,147.80M,453.10M,1.009B
FMC,2012-06,-390.80M,75.50M,567.40M,46.50M,0,0.76,0.76,474.80M,2.894B,337.80M,2012-06,559.60M,104.90M,-11.50M,-11.50M,1.021B,0,810.00M,179.60M,889.50M,163.70M,45.30M,28.40M,905.20M,128.30M,1.319B,3.908B,18.60M,1.953B,996.40M,2.521B,1.955B,1.525B,158.20M,456.20M,993.70M
FMC,2012-03,-370.70M,70.80M,593.40M,36.10M,0,0.86,0.85,416.00M,2.911B,347.30M,2012-03,509.90M,119.10M,-11.30M,-11.30M,1.012B,0,910.40M,188.70M,840.00M,176.80M,44.80M,28.50M,940.70M,129.10M,1.238B,3.852B,9.30M,1.943B,917.20M,2.552B,1.908B,1.635B,158.60M,444.20M,1.051B
FMC,2011-12,-390.00M,158.90M,340.70M,46.50M,0,0.555,0.55,435.00M,2.85B,226.30M,2011-12,470.30M,77.90M,-5.50M,-5.50M,986.80M,0,790.40M,117.20M,733.70M,133.40M,36.80M,25.60M,567.00M,80.40M,1.241B,3.744B,18.60M,1.869B,919.90M,2.439B,1.874B,1.520B,109.10M,408.10M,988.90M
FMC,2011-09,-293.50M,109.40M,574.70M,77.50M,0,0.61,0.61,204.20M,2.822B,287.40M,2011-09,444.30M,86.80M,-9.10M,-9.10M,954.80M,0,493.60M,149.00M,751.60M,127.00M,29.80M,27.80M,862.10M,110.60M,1.318B,3.390B,9.30M,1.690B,909.50M,2.011B,1.699B,1.102B,138.40M,379.30M,854.30M
FMC,2011-06,-270.00M,186.60M,513.40M,137.40M,0,0.75,0.74,210.20M,2.834B,298.80M,2011-06,421.30M,107.20M,-10.50M,-10.50M,957.40M,0,485.50M,164.90M,741.10M,146.80M,25.70M,25.00M,812.20M,108.90M,1.361B,3.466B,9.30M,1.753B,925.30M,2.045B,1.713B,1.120B,133.90M,350.30M,858.40M
FMC,2011-03,-277.70M,86.00M,506.90M,129.10M,0,0.655,0.65,206.40M,2.826B,288.10M,2011-03,379.60M,94.00M,-9.90M,-9.90M,938.80M,0,533.90M,159.50M,709.70M,146.00M,40.60M,22.70M,795.00M,105.90M,1.262B,3.416B,9.30M,1.718B,906.30M,2.099B,1.699B,1.192B,128.60M,362.60M,973.90M
