Ticker,Date,Accrued Comprehensive Inc,Cash and Short Term Investments,Cost of Goods Sold,Current Debt & Capital Lease Obligation,Current Deferred Liabilities,EPS Basic,EPS Diluted,Goodwill and Intangibles,Gross PP&E,Gross Profit,Income (Quarterly),Inventories,Net Income,Net Non-Operating Interest Income Expense,Net Operating Interest Income,Net PP&E,Non-Current Deferred Liabilities,Non-Current Portion of LTD and Capital Lease Obligation,Operating Income,Payables and Accrued Expenses,Pre-Tax Income,Provision for Income Taxes,Revenue,SG&A Expense,Shareholders Equity,Total Assets,Total Capital Stock,Total Current Assets,Total Current Liabilities,Total Liabilities,Total Long Term Assets,Total Long Term Liabilities,Total Operating Expenses,Total Payables,Total Receivables
GD,2020-12,-3.55B,2.824B,8.631B,3.265B,6.276B,3.5,3.49,22.17B,10.71B,1.85B,2020-12,5.745B,1.002B,-120.00M,-120.00M,5.10B,1.333B,11.14B,1.267B,3.959B,1.185B,183.00M,10.48B,583.00M,15.66B,51.31B,482.00M,21.54B,15.96B,35.65B,29.76B,19.68B,583.00M,2.952B,11.18B
GD,2020-09,-3.855B,1.469B,7.836B,3.662B,6.086B,2.91,2.9,22.05B,10.36B,1.595B,2020-09,6.402B,834.00M,-118.00M,-118.00M,4.863B,1.327B,11.13B,1.084B,3.677B,978.00M,144.00M,9.431B,511.00M,14.72B,50.26B,482.00M,20.86B,16.12B,35.54B,29.39B,19.42B,511.00M,2.613B,12.01B
GD,2020-06,-4.127B,2.30B,7.849B,4.388B,6.212B,2.18,2.18,21.92B,10.09B,1.415B,2020-06,6.666B,625.00M,-132.00M,-132.00M,4.721B,1.228B,11.58B,841.00M,3.312B,727.00M,102.00M,9.264B,574.00M,13.89B,50.22B,482.00M,21.14B,16.61B,36.33B,29.09B,19.73B,574.00M,2.383B,11.23B
GD,2020-03,-4.471B,5.33B,7.261B,5.306B,6.825B,2.45,2.43,21.91B,9.932B,1.488B,2020-03,6.852B,706.00M,-107.00M,-107.00M,4.537B,1.094B,14.11B,941.00M,3.602B,848.00M,142.00M,8.749B,547.00M,13.20B,53.71B,482.00M,24.74B,18.44B,40.51B,28.97B,22.07B,547.00M,2.788B,11.48B
GD,2019-12,-3.818B,902.00M,8.888B,3.172B,7.148B,3.53,3.51,21.99B,9.761B,1.885B,2019-12,6.306B,1.02B,-110.00M,-110.00M,4.475B,1.297B,10.26B,1.25B,4.103B,1.214B,194.00M,10.77B,635.00M,13.98B,49.35B,482.00M,20.29B,16.80B,35.37B,29.06B,18.57B,635.00M,3.162B,11.40B
GD,2019-09,-3.531B,974.00M,7.973B,4.902B,6.854B,3.17,3.14,21.99B,8.972B,1.788B,2019-09,6.573B,913.00M,-114.00M,-114.00M,4.217B,1.053B,10.22B,1.216B,3.967B,1.09B,177.00M,9.761B,572.00M,13.51B,48.79B,482.00M,20.15B,18.23B,35.28B,28.64B,17.05B,572.00M,2.999B,11.57B
GD,2019-06,-3.476B,702.00M,7.869B,5.20B,6.714B,2.8,2.77,22.12B,0,1.686B,2019-06,6.48B,806.00M,-119.00M,-119.00M,4.091B,1.20B,10.09B,1.09B,3.757B,983.00M,177.00M,9.555B,596.00M,12.88B,48.07B,482.00M,19.56B,18.01B,35.20B,28.52B,17.18B,596.00M,2.86B,11.23B
GD,2019-03,-3.683B,673.00M,7.633B,2.352B,6.695B,2.59,2.56,22.19B,0,1.628B,2019-03,6.185B,745.00M,-117.00M,-117.00M,4.054B,1.222B,12.58B,1.014B,3.819B,915.00M,170.00M,9.261B,614.00M,12.23B,47.47B,482.00M,18.87B,15.38B,35.23B,28.60B,19.85B,614.00M,3.008B,11.08B
GD,2018-12,-3.778B,963.00M,8.653B,973.00M,7.27B,3.1,3.07,22.18B,0,1.725B,2018-12,5.977B,909.00M,-112.00M,-112.00M,3.978B,1.303B,11.44B,1.163B,4.131B,1.132B,223.00M,10.38B,562.00M,11.73B,45.41B,482.00M,18.19B,14.74B,33.68B,27.22B,18.94B,562.00M,3.179B,10.34B
GD,2018-09,-3.361B,1.01B,7.407B,1.678B,7.327B,2.88,2.85,22.15B,0,1.687B,2018-09,6.247B,851.00M,-114.00M,-114.00M,4.244B,1.294B,11.40B,1.135B,3.976B,1.023B,159.00M,9.094B,552.00M,12.76B,46.96B,482.00M,19.96B,15.69B,34.21B,27.00B,18.52B,552.00M,3.033B,11.30B
GD,2018-06,-3.558B,1.862B,7.486B,2.881B,7.219B,2.65,2.62,22.48B,8.237B,1.70B,2018-06,5.89B,786.00M,-103.00M,-103.00M,4.179B,1.181B,11.40B,1.088B,3.924B,970.00M,184.00M,9.186B,612.00M,11.99B,47.15B,482.00M,19.83B,16.57B,35.16B,27.32B,18.58B,612.00M,3.032B,11.00B
GD,2018-03,-3.391B,4.332B,5.99B,2.498B,7.095B,2.7,2.65,12.66B,7.929B,1.545B,2018-03,5.543B,799.00M,-27.00M,-27.00M,3.533B,804.00M,3.981B,1.008B,3.516B,960.00M,161.00M,7.535B,537.00M,11.77B,37.22B,482.00M,20.46B,15.24B,25.44B,16.76B,10.20B,537.00M,2.851B,9.634B
GD,2017-12,-2.82B,2.983B,6.68B,2.00M,6.992B,2.14,2.1,12.62B,0,1.597B,2017-12,5.303B,636.00M,-27.00M,-27.00M,3.517B,1.058B,3.98B,1.06B,3.993B,1.008B,372.00M,8.277B,537.00M,11.44B,35.05B,482.00M,18.33B,13.10B,23.61B,16.72B,10.51B,537.00M,3.207B,8.857B
GD,2017-09,-2.651B,2.722B,6.014B,903.00M,6.61B,2.56,2.52,12.63B,0,1.566B,2017-09,5.781B,764.00M,-27.00M,-27.00M,3.461B,848.00M,3.979B,1.063B,3.513B,1.027B,263.00M,7.58B,503.00M,11.56B,34.91B,482.00M,18.08B,13.21B,23.35B,16.83B,10.14B,503.00M,2.718B,9.00B
GD,2017-06,-2.922B,1.856B,6.114B,989.00M,6.822B,2.5,2.45,12.36B,0,1.561B,2017-06,5.839B,749.00M,-24.00M,-24.00M,3.424B,897.00M,2.989B,1.067B,3.312B,1.032B,283.00M,7.675B,494.00M,10.95B,33.79B,482.00M,17.13B,13.50B,22.84B,16.67B,9.338B,494.00M,2.62B,8.735B
GD,2017-03,-3.262B,2.168B,5.923B,901.00M,6.686B,2.53,2.48,12.21B,0,1.518B,2017-03,5.822B,763.00M,-25.00M,-25.00M,3.412B,952.00M,2.988B,1.046B,3.105B,1.01B,247.00M,7.441B,472.00M,10.58B,33.21B,482.00M,16.61B,13.16B,22.63B,16.60B,9.463B,472.00M,2.466B,8.04B
GD,2016-12,-3.387B,2.334B,6.372B,900.00M,6.827B,2.63,2.58,12.12B,0,1.282B,2016-12,5.118B,570.00M,-23.00M,-23.00M,3.477B,902.00M,2.988B,778.00M,3.231B,745.00M,165.00M,7.654B,504.00M,10.30B,33.17B,482.00M,16.53B,13.45B,22.87B,16.64B,9.421B,504.00M,2.538B,7.611B
GD,2016-09,-2.891B,2.303B,6.171B,1.00M,6.297B,2.13,2.09,12.30B,0,1.486B,2016-09,8.87B,647.00M,-23.00M,-23.00M,3.445B,447.00M,3.885B,1.015B,3.017B,994.00M,263.00M,7.657B,471.00M,11.32B,32.67B,482.00M,15.30B,11.89B,21.35B,17.37B,9.458B,471.00M,2.276B,3.502B
GD,2016-06,-2.965B,1.899B,6.262B,537.00M,6.191B,2.35,2.3,12.30B,0,1.512B,2016-06,8.516B,714.00M,-23.00M,-23.00M,3.44B,480.00M,2.899B,1.027B,2.777B,1.005B,291.00M,7.774B,485.00M,11.00B,31.77B,482.00M,14.39B,12.14B,20.77B,17.38B,8.639B,485.00M,2.128B,3.539B
GD,2016-03,-2.941B,1.907B,6.091B,501.00M,6.379B,2.08,2.04,12.35B,0,1.385B,2016-03,8.209B,641.00M,-22.00M,-22.00M,3.477B,499.00M,2.899B,924.00M,2.757B,912.00M,258.00M,7.476B,461.00M,10.58B,31.70B,482.00M,14.19B,12.42B,21.12B,17.51B,8.697B,461.00M,2.15B,3.654B
GD,2015-12,-3.286B,2.785B,6.477B,501.00M,6.503B,2.44,2.4,12.21B,7.676B,1.644B,2015-12,7.723B,835.00M,-19.00M,-19.00M,3.466B,581.00M,2.898B,1.153B,2.612B,1.136B,301.00M,8.121B,491.00M,10.74B,32.00B,482.00M,14.57B,12.44B,21.26B,17.43B,8.814B,491.00M,1.964B,3.446B
GD,2015-09,-3.185B,3.372B,6.484B,501.00M,6.744B,2.31,2.28,12.33B,7.292B,1.51B,2015-09,7.454B,733.00M,-23.00M,-23.00M,3.37B,638.00M,2.912B,1.034B,3.119B,1.013B,280.00M,7.994B,476.00M,10.73B,32.98B,482.00M,15.29B,13.18B,22.25B,17.69B,9.068B,476.00M,2.387B,3.796B
GD,2015-06,-3.092B,4.032B,6.334B,2.00M,6.875B,2.31,2.27,12.48B,7.152B,1.548B,2015-06,7.632B,752.00M,-20.00M,-20.00M,3.329B,669.00M,3.411B,1.081B,2.92B,1.061B,309.00M,7.882B,467.00M,11.28B,33.65B,482.00M,15.77B,12.71B,22.38B,17.88B,9.67B,467.00M,2.275B,3.595B
GD,2015-03,-3.216B,4.412B,6.254B,1.00M,7.226B,2.18,2.14,12.59B,0,1.53B,2015-03,7.841B,716.00M,-21.00M,-21.00M,3.323B,679.00M,3.41B,1.027B,2.867B,1.009B,293.00M,7.784B,503.00M,11.52B,34.38B,482.00M,16.35B,13.11B,22.86B,18.03B,9.753B,503.00M,2.266B,3.661B
GD,2014-12,-2.932B,4.388B,6.766B,501.00M,8.064B,2.12,2.09,12.64B,0,1.596B,2014-12,7.812B,701.00M,-19.00M,-19.00M,3.329B,699.00M,3.392B,1.067B,2.775B,1.045B,308.00M,8.362B,529.00M,11.83B,35.34B,482.00M,17.41B,13.75B,23.51B,17.93B,9.757B,529.00M,2.057B,4.05B
GD,2014-09,-1.337B,5.105B,6.274B,501.00M,8.553B,2.1,2.06,12.68B,0,1.477B,2014-09,7.575B,696.00M,-21.00M,-21.00M,3.322B,594.00M,3.41B,999.00M,3.225B,979.00M,285.00M,7.751B,478.00M,13.01B,35.31B,482.00M,18.17B,14.67B,22.30B,17.14B,7.631B,478.00M,2.505B,4.181B
GD,2014-06,-1.104B,3.841B,6.039B,501.00M,7.015B,1.61,1.58,12.91B,0,1.435B,2014-06,8.092B,541.00M,-24.00M,-24.00M,3.327B,683.00M,3.409B,949.00M,3.357B,925.00M,279.00M,7.474B,486.00M,13.12B,34.33B,482.00M,17.18B,13.22B,21.21B,17.15B,7.991B,486.00M,2.659B,4.474B
GD,2014-03,-1.203B,4.296B,5.90B,502.00M,6.83B,1.74,1.71,13.13B,0,1.365B,2014-03,7.866B,595.00M,-22.00M,-22.00M,3.408B,691.00M,3.409B,874.00M,2.972B,853.00M,257.00M,7.265B,491.00M,13.69B,34.38B,482.00M,16.96B,12.62B,20.69B,17.42B,8.069B,491.00M,2.365B,4.286B
GD,2013-12,-1.185B,5.301B,6.59B,1.00M,6.884B,1.41,1.4,12.98B,0,1.457B,2013-12,7.67B,495.00M,-23.00M,-23.00M,3.359B,812.00M,3.908B,924.00M,3.017B,905.00M,281.00M,8.047B,533.00M,14.50B,35.49B,482.00M,18.16B,12.26B,20.99B,17.33B,8.734B,533.00M,2.216B,4.37B
GD,2013-09,-2.669B,4.065B,6.277B,0,6.609B,1.86,1.84,13.26B,0,1.458B,2013-09,8.099B,651.00M,-22.00M,-22.00M,3.365B,811.00M,3.908B,961.00M,3.208B,943.00M,291.00M,7.735B,497.00M,12.60B,35.47B,482.00M,17.12B,12.06B,22.87B,18.35B,10.80B,497.00M,2.443B,4.365B
GD,2013-06,-2.889B,3.757B,6.359B,1.001B,6.32B,1.82,1.81,13.18B,7.003B,1.475B,2013-06,8.045B,640.00M,-18.00M,-18.00M,3.351B,860.00M,3.907B,961.00M,3.198B,943.00M,303.00M,7.834B,514.00M,11.76B,34.73B,482.00M,16.54B,11.84B,22.98B,18.19B,11.13B,514.00M,2.444B,4.289B
GD,2013-03,-2.894B,3.745B,6.05B,1.028B,6.079B,1.62,1.62,13.24B,6.518B,1.354B,2013-03,7.936B,571.00M,-23.00M,-23.00M,3.374B,971.00M,3.909B,847.00M,3.164B,824.00M,253.00M,7.404B,507.00M,11.58B,34.61B,482.00M,16.35B,11.77B,23.03B,18.26B,11.26B,507.00M,2.503B,4.261B
GD,2012-12,-2.775B,3.296B,6.882B,3.00M,6.215B,-6.07,-6.07,13.43B,0,675.00M,2012-12,7.74B,-2.13B,-41.00M,-41.00M,3.403B,993.00M,3.908B,24.00M,3.304B,-2.139B,40.00M,7.557B,651.00M,11.39B,34.31B,482.00M,15.74B,11.62B,22.92B,18.56B,11.30B,651.00M,2.469B,4.204B
GD,2012-09,-2.157B,2.874B,6.519B,222.00M,5.523B,1.71,1.7,15.72B,0,1.415B,2012-09,2.661B,600.00M,-39.00M,-39.00M,3.345B,1.302B,2.924B,905.00M,2.54B,863.00M,263.00M,7.934B,510.00M,14.27B,35.50B,482.00M,15.59B,12.19B,21.23B,19.91B,9.038B,510.00M,2.54B,4.339B
GD,2012-06,-2.302B,2.54B,6.427B,772.00M,5.398B,1.79,1.77,15.50B,0,1.495B,2012-06,2.648B,634.00M,-37.00M,-37.00M,3.248B,0,2.905B,970.00M,2.559B,928.00M,294.00M,7.922B,525.00M,13.66B,35.20B,482.00M,15.53B,12.18B,21.54B,19.68B,9.362B,525.00M,2.559B,4.571B
GD,2012-03,-2.112B,2.632B,6.184B,792.00M,5.299B,1.58,1.57,15.54B,0,1.395B,2012-03,2.444B,564.00M,-39.00M,-39.00M,3.29B,0,3.905B,860.00M,2.509B,821.00M,257.00M,7.579B,535.00M,13.85B,35.31B,482.00M,15.51B,10.95B,21.46B,19.80B,10.50B,535.00M,2.509B,4.686B
GD,2011-12,-2.312B,2.649B,7.673B,0,5.142B,1.69,1.68,15.39B,0,1.474B,2011-12,7.478B,603.00M,-38.00M,-38.00M,3.284B,0,3.907B,950.00M,3.74B,911.00M,308.00M,9.147B,524.00M,13.23B,34.88B,482.00M,15.37B,11.14B,21.65B,19.52B,10.51B,524.00M,2.895B,4.429B
GD,2011-09,-1.441B,1.54B,6.363B,0,4.69B,1.81,1.8,15.50B,0,1.49B,2011-09,2.506B,652.00M,-38.00M,-38.00M,3.063B,0,3.907B,998.00M,2.584B,952.00M,287.00M,7.853B,492.00M,13.62B,33.41B,482.00M,14.04B,10.48B,19.79B,19.37B,9.307B,492.00M,2.584B,4.119B
GD,2011-06,-960.00M,2.157B,6.425B,0,4.865B,1.77,1.76,14.83B,0,1.454B,2011-06,2.382B,653.00M,-31.00M,-31.00M,3.048B,0,2.409B,949.00M,2.63B,959.00M,293.00M,7.879B,505.00M,13.92B,33.36B,482.00M,14.67B,11.49B,19.44B,18.69B,7.943B,505.00M,2.63B,4.229B
GD,2011-03,-1.257B,2.484B,6.36B,0,4.731B,1.66,1.64,14.67B,0,1.438B,2011-03,2.273B,618.00M,-34.00M,-34.00M,2.993B,0,2.411B,929.00M,2.51B,896.00M,278.00M,7.798B,509.00M,13.88B,33.10B,482.00M,14.80B,11.25B,19.23B,18.31B,7.975B,509.00M,2.51B,4.237B
