Ticker,Date,Accrued Comprehensive Inc,Cash and Short Term Investments,Cost of Goods Sold,Current Debt & Capital Lease Obligation,Current Deferred Liabilities,EPS Basic,EPS Diluted,Goodwill and Intangibles,Gross PP&E,Gross Profit,Income (Quarterly),Inventories,Net Income,Net Non-Operating Interest Income Expense,Net Operating Interest Income,Net PP&E,Non-Current Deferred Liabilities,Non-Current Portion of LTD and Capital Lease Obligation,Operating Income,Payables and Accrued Expenses,Pre-Tax Income,Provision for Income Taxes,Research and Development Expense,Revenue,SG&A Expense,Shareholders Equity,Total Assets,Total Capital Stock,Total Current Assets,Total Current Liabilities,Total Liabilities,Total Long Term Assets,Total Long Term Liabilities,Total Operating Expenses,Total Payables,Total Receivables
GOOGL,2020-12,633.00M,136.69B,26.08B,1.694B,2.543B,22.54,22.3,22.62B,138.67B,30.82B,2020-12,728.00M,15.23B,333.00M,333.00M,96.96B,4.042B,25.08B,15.65B,31.10B,18.69B,3.462B,7.022B,56.90B,8.145B,222.54B,319.62B,58.51B,174.30B,56.83B,97.07B,145.32B,40.24B,15.17B,7.074B,31.38B
GOOGL,2020-09,46.00M,132.60B,21.12B,1.535B,2.302B,16.55,16.4,22.39B,132.23B,25.06B,2020-09,835.00M,11.25B,412.00M,412.00M,93.58B,2.427B,24.89B,11.21B,25.70B,13.36B,2.112B,6.856B,46.17B,6.987B,212.92B,299.24B,57.31B,164.37B,48.20B,86.32B,134.87B,38.12B,13.84B,5.49B,25.51B
GOOGL,2020-06,-296.00M,121.08B,18.55B,1.416B,2.061B,10.21,10.13,22.52B,125.86B,19.74B,2020-06,815.00M,6.959B,420.00M,420.00M,90.32B,2.194B,14.73B,6.383B,23.54B,8.277B,1.318B,6.875B,38.30B,6.486B,207.32B,278.49B,55.94B,149.07B,43.66B,71.17B,129.42B,27.51B,13.36B,5.039B,21.60B
GOOGL,2020-03,-1.097B,117.23B,18.98B,1.312B,1.938B,9.96,9.87,22.57B,120.90B,22.18B,2020-03,889.00M,6.836B,565.00M,565.00M,87.97B,2.429B,15.49B,7.977B,21.93B,7.757B,921.00M,6.82B,41.16B,7.38B,203.66B,273.40B,53.69B,147.02B,40.19B,69.74B,126.38B,29.56B,14.20B,5.012B,23.74B
GOOGL,2019-12,-1.232B,119.68B,21.02B,1.199B,1.908B,15.49,15.35,22.60B,115.15B,25.06B,2019-12,999.00M,10.67B,604.00M,604.00M,84.59B,2.059B,14.77B,9.266B,24.21B,10.70B,33.00M,7.222B,46.08B,8.567B,201.44B,275.91B,50.55B,152.58B,45.22B,74.47B,123.33B,29.25B,15.79B,5.835B,27.49B
GOOGL,2019-09,-1.196B,121.18B,17.57B,0,1.679B,10.2,10.12,19.82B,107.75B,22.93B,2019-09,1.401B,7.068B,608.00M,608.00M,79.59B,2.111B,13.75B,9.177B,20.96B,8.628B,1.56B,6.554B,40.50B,7.20B,194.97B,263.04B,49.04B,148.36B,39.22B,68.08B,114.69B,28.85B,13.75B,4.273B,21.08B
GOOGL,2019-06,-1.091B,121.06B,17.30B,0,1.717B,14.33,14.21,19.90B,101.14B,21.65B,2019-06,964.00M,9.947B,628.00M,628.00M,74.60B,2.279B,13.16B,9.18B,19.33B,12.15B,2.20B,6.213B,38.94B,6.255B,192.19B,257.10B,47.94B,147.44B,37.00B,64.91B,109.66B,27.91B,12.47B,4.461B,21.32B
GOOGL,2019-03,-1.78B,113.49B,16.01B,0,1.667B,9.58,9.5,20.01B,94.10B,20.33B,2019-03,1.053B,6.657B,487.00M,487.00M,69.36B,1.673B,12.27B,8.305B,18.78B,8.146B,1.489B,6.029B,36.34B,5.993B,183.47B,245.35B,46.53B,138.21B,34.91B,61.88B,107.14B,26.97B,12.02B,4.471B,19.26B
GOOGL,2018-12,-2.306B,109.14B,17.92B,0,1.784B,12.87,12.77,20.11B,82.51B,21.36B,2018-12,1.107B,8.948B,513.00M,513.00M,59.72B,1.66B,4.012B,8.221B,18.24B,10.07B,1.124B,6.034B,39.28B,7.103B,177.63B,232.79B,45.05B,135.68B,34.62B,55.16B,97.12B,20.54B,13.14B,4.447B,21.19B
GOOGL,2018-09,-1.676B,106.42B,14.28B,0,1.752B,13.21,13.06,20.34B,77.13B,19.46B,2018-09,1.212B,9.192B,453.00M,453.00M,55.30B,1.635B,3.986B,8.625B,15.61B,10.08B,891.00M,5.232B,33.74B,5.602B,169.84B,221.54B,43.11B,129.70B,31.30B,51.70B,91.84B,20.40B,10.83B,3.789B,18.07B
GOOGL,2018-06,-1.525B,102.25B,13.88B,1.329B,1.714B,4.6,4.54,20.56B,71.88B,18.77B,2018-06,698.00M,3.195B,429.00M,429.00M,51.67B,837.00M,3.981B,8.116B,15.63B,4.215B,1.02B,5.114B,32.66B,5.544B,162.00B,211.61B,42.24B,124.16B,29.90B,49.61B,87.45B,19.71B,10.66B,4.558B,17.24B
GOOGL,2018-03,-670.00M,102.88B,13.47B,0,1.596B,13.53,13.33,20.67B,67.80B,17.68B,2018-03,636.00M,9.401B,369.00M,369.00M,48.84B,709.00M,3.973B,7.633B,15.63B,10.54B,1.142B,5.039B,31.15B,5.007B,160.82B,206.94B,41.49B,123.76B,25.39B,46.11B,83.17B,20.72B,10.05B,4.869B,16.81B
GOOGL,2017-12,-992.00M,101.87B,14.27B,2.219B,1.432B,-4.35,-4.35,19.44B,59.65B,18.06B,2017-12,749.00M,-3.02B,364.00M,364.00M,42.38B,770.00M,3.969B,7.696B,15.30B,8.018B,11.04B,4.306B,32.32B,6.054B,152.50B,197.30B,40.25B,124.31B,24.18B,44.79B,72.99B,20.61B,10.36B,4.018B,18.70B
GOOGL,2017-09,-746.00M,100.14B,11.15B,3.221B,1.269B,9.71,9.57,19.61B,56.36B,16.62B,2017-09,765.00M,6.732B,279.00M,279.00M,40.12B,497.00M,3.964B,7.782B,12.56B,7.979B,1.247B,4.205B,27.77B,4.637B,157.10B,189.54B,39.61B,119.34B,20.69B,32.44B,70.19B,11.74B,8.842B,2.895B,15.58B
GOOGL,2017-06,-1.728B,94.71B,10.37B,0,1.226B,5.09,5.01,19.54B,53.34B,15.64B,2017-06,398.00M,3.524B,273.00M,273.00M,37.68B,714.00M,3.955B,6.868B,11.43B,4.377B,853.00M,4.172B,26.01B,4.597B,148.29B,178.62B,38.51B,112.39B,18.68B,30.34B,66.24B,11.65B,8.769B,2.621B,14.88B
GOOGL,2017-03,-2.169B,92.44B,9.795B,0,1.148B,7.85,7.73,19.68B,50.32B,14.96B,2017-03,280.00M,5.426B,287.00M,287.00M,35.94B,927.00M,3.937B,6.568B,11.44B,6.819B,1.393B,3.942B,24.75B,4.445B,144.95B,172.76B,37.70B,108.79B,15.26B,27.81B,63.96B,12.55B,8.387B,3.109B,12.97B
GOOGL,2016-12,-2.402B,86.33B,10.66B,0,1.099B,7.73,7.56,19.78B,47.53B,15.40B,2016-12,268.00M,5.333B,292.00M,292.00M,34.23B,428.00M,3.935B,6.639B,11.68B,6.857B,1.524B,3.622B,26.06B,5.142B,139.04B,167.50B,36.31B,105.41B,16.76B,28.46B,62.09B,11.70B,8.764B,2.595B,14.23B
GOOGL,2016-09,-1.032B,83.06B,8.699B,0,923.00M,7.36,7.25,19.40B,46.09B,13.75B,2016-09,559.00M,5.061B,289.00M,289.00M,32.75B,562.00M,3.938B,5.767B,9.728B,6.045B,984.00M,3.596B,22.45B,4.389B,134.10B,159.95B,35.34B,98.55B,14.32B,25.84B,61.40B,11.52B,7.985B,2.346B,12.40B
GOOGL,2016-06,-1.151B,78.46B,8.13B,0,900.00M,7.11,7,19.29B,43.90B,13.37B,2016-06,0,4.877B,275.00M,275.00M,31.41B,802.00M,1.984B,5.968B,10.81B,6.119B,1.242B,3.363B,21.50B,4.039B,127.88B,154.29B,34.29B,94.24B,17.34B,26.41B,60.05B,9.072B,7.402B,3.966B,12.76B
GOOGL,2016-03,-1.294B,75.26B,7.648B,0,933.00M,6.12,6.02,19.52B,42.00B,12.61B,2016-03,0,4.207B,240.00M,240.00M,30.16B,730.00M,1.987B,5.342B,10.91B,5.129B,922.00M,3.367B,20.26B,3.90B,123.57B,149.75B,33.70B,90.96B,17.68B,26.18B,58.79B,8.494B,7.267B,4.168B,12.97B
GOOGL,2015-12,-1.874B,73.07B,8.188B,3.225B,788.00M,7.16,7.06,19.72B,40.15B,13.14B,2015-12,491.00M,4.923B,248.00M,248.00M,29.02B,340.00M,1.995B,5.38B,11.76B,5.20B,277.00M,3.51B,21.33B,4.251B,120.33B,147.46B,32.98B,90.11B,19.31B,27.13B,57.35B,7.82B,7.761B,4.661B,13.91B
GOOGL,2015-09,-1.592B,72.77B,7.037B,3.237B,705.00M,5.8,5.73,19.70B,38.91B,11.64B,2015-09,279.00M,3.979B,233.00M,233.00M,28.34B,2.109B,1.994B,4.708B,11.53B,4.891B,912.00M,3.23B,18.68B,3.70B,116.24B,144.28B,31.86B,88.10B,18.46B,28.04B,56.18B,9.583B,6.93B,5.03B,10.44B
GOOGL,2015-06,-929.00M,69.78B,6.583B,3.008B,712.00M,4.99,4.93,19.82B,37.11B,11.14B,2015-06,293.00M,3.931B,214.00M,214.00M,27.01B,1.862B,2.225B,4.825B,11.18B,4.956B,1.025B,2.789B,17.73B,3.53B,111.78B,138.81B,30.72B,84.16B,17.36B,27.02B,54.64B,9.662B,6.319B,4.957B,10.02B
GOOGL,2015-03,-371.00M,65.44B,6.356B,2.009B,699.00M,5.16,5.1,19.95B,34.84B,10.90B,2015-03,337.00M,3.515B,200.00M,200.00M,25.45B,1.938B,3.226B,4.447B,9.717B,4.604B,1.089B,2.753B,17.26B,3.702B,108.45B,133.40B,29.53B,80.31B,14.34B,24.95B,53.09B,10.62B,6.455B,3.468B,10.31B
GOOGL,2014-12,27.00M,64.40B,6.921B,2.009B,752.00M,7.01,6.91,20.21B,32.75B,11.18B,2014-12,235.00M,4.675B,197.00M,197.00M,23.88B,862.00M,3.228B,4.399B,10.95B,4.527B,819.00M,2.813B,18.10B,3.97B,103.86B,129.19B,28.77B,78.66B,16.78B,25.33B,50.53B,8.548B,6.783B,4.589B,10.85B
GOOGL,2014-09,-82.00M,62.16B,6.695B,2.009B,820.00M,4.05,3.98,20.20B,29.29B,9.828B,2014-09,0,2.739B,162.00M,162.00M,20.98B,1.708B,3.23B,3.724B,10.46B,3.857B,933.00M,2.655B,16.52B,3.449B,98.82B,125.78B,27.95B,80.12B,17.92B,26.97B,45.67B,9.046B,6.104B,4.77B,10.02B
GOOGL,2014-06,502.00M,61.20B,6.114B,2.009B,882.00M,4.96,4.88,19.82B,27.57B,9.841B,2014-06,0,3.351B,142.00M,142.00M,19.49B,1.718B,3.232B,4.258B,9.80B,4.403B,984.00M,2.238B,15.96B,3.345B,95.75B,121.61B,27.11B,77.90B,17.10B,25.86B,43.70B,8.762B,5.583B,4.431B,9.539B
GOOGL,2014-03,345.00M,59.38B,5.961B,3.009B,947.00M,5.13,5.04,19.49B,25.72B,9.459B,2014-03,0,3.452B,144.00M,144.00M,17.88B,1.951B,3.234B,4.115B,8.755B,4.472B,822.00M,2.126B,15.42B,3.218B,91.71B,116.53B,26.65B,75.31B,16.27B,24.82B,41.21B,8.545B,5.344B,3.776B,8.421B
GOOGL,2013-12,125.00M,58.72B,6.253B,3.009B,1.062B,5.045,4.955,17.56B,23.84B,9.454B,2013-12,0,3.189B,186.00M,186.00M,16.52B,2.086B,2.236B,4.429B,9.335B,4.541B,846.00M,1.933B,15.71B,3.092B,87.31B,110.92B,25.92B,72.89B,15.91B,23.61B,38.03B,7.703B,5.025B,3.851B,9.39B
GOOGL,2013-09,99.00M,56.52B,5.409B,3.009B,907.00M,4.45,4.38,17.72B,21.72B,8.345B,2013-09,0,2.97B,177.00M,177.00M,14.87B,2.222B,2.238B,3.761B,8.56B,3.775B,612.00M,1.821B,13.75B,2.763B,82.99B,105.07B,25.00B,68.86B,14.48B,22.08B,36.21B,7.604B,4.584B,4.017B,8.592B
GOOGL,2013-06,-398.00M,54.43B,5.195B,3.00B,799.00M,4.85,4.77,17.95B,19.26B,7.912B,2013-06,342.00M,3.228B,163.00M,163.00M,12.91B,2.037B,1.989B,3.465B,9.727B,3.701B,927.00M,1.766B,13.11B,2.681B,78.85B,101.18B,24.33B,66.86B,15.33B,22.33B,34.32B,7.001B,4.447B,4.969B,8.163B
GOOGL,2013-03,356.00M,50.10B,5.136B,2.15B,882.00M,5.065,4.975,17.92B,18.26B,7.815B,2013-03,648.00M,3.346B,159.00M,159.00M,12.30B,2.057B,2.989B,3.748B,8.775B,3.882B,354.00M,1.617B,12.95B,2.45B,75.47B,96.69B,23.43B,62.81B,13.25B,21.22B,33.88B,7.967B,4.067B,4.331B,8.67B
GOOGL,2012-12,538.00M,48.09B,2.755B,2.549B,895.00M,4.389,4.314,18.01B,17.70B,7.528B,2012-12,505.00M,2.886B,144.00M,144.00M,11.85B,1.972B,2.988B,4.468B,8.654B,4.629B,957.00M,1.225B,10.28B,1.835B,71.72B,93.80B,22.84B,60.45B,14.34B,22.08B,33.34B,7.746B,3.06B,3.925B,8.585B
GOOGL,2012-09,368.00M,45.72B,5.955B,3.218B,905.00M,3.323,3.268,18.24B,17.04B,7.349B,2012-09,618.00M,2.176B,151.00M,151.00M,11.40B,1.561B,2.988B,2.74B,8.385B,2.805B,647.00M,1.879B,13.30B,2.73B,68.03B,89.73B,22.20B,56.82B,14.43B,21.70B,32.91B,7.268B,4.609B,3.964B,7.809B
GOOGL,2012-06,84.00M,43.12B,4.677B,3.218B,767.00M,4.274,4.214,17.98B,16.14B,7.13B,2012-06,634.00M,2.785B,158.00M,158.00M,10.91B,1.606B,2.987B,3.237B,8.417B,3.49B,657.00M,1.538B,11.81B,2.355B,64.72B,86.05B,21.36B,53.86B,14.03B,21.33B,32.19B,7.302B,3.893B,4.492B,7.341B
GOOGL,2012-03,422.00M,49.32B,3.789B,2.468B,594.00M,4.444,4.379,8.866B,14.96B,6.856B,2012-03,35.00M,2.89B,162.00M,162.00M,9.875B,426.00M,2.987B,3.389B,5.663B,3.545B,655.00M,1.441B,10.64B,2.026B,61.71B,77.14B,20.80B,56.86B,9.742B,15.43B,20.28B,5.69B,3.467B,3.251B,5.713B
GOOGL,2011-12,276.00M,44.63B,3.703B,1.218B,547.00M,4.179,4.119,8.924B,14.40B,6.88B,2011-12,0,2.704B,179.00M,179.00M,9.603B,331.00M,2.986B,4.007B,5.33B,3.489B,785.00M,1.301B,10.58B,1.572B,58.14B,72.57B,20.26B,52.76B,8.913B,14.43B,19.82B,5.516B,2.873B,2.792B,6.172B
GOOGL,2011-09,232.00M,42.56B,3.378B,1.218B,489.00M,4.224,4.169,8.463B,13.82B,6.342B,2011-09,0,2.729B,190.00M,190.00M,9.204B,294.00M,2.986B,3.058B,5.735B,3.36B,631.00M,1.404B,9.72B,1.88B,54.83B,69.09B,19.70B,50.04B,8.888B,14.26B,19.05B,5.37B,3.284B,3.618B,5.861B
GOOGL,2011-06,603.00M,39.12B,3.172B,1.217B,489.00M,3.889,3.844,8.058B,13.50B,5.854B,2011-06,0,2.505B,199.00M,199.00M,9.003B,157.00M,2.985B,2.881B,4.912B,3.085B,580.00M,1.234B,9.026B,1.739B,51.99B,64.86B,19.22B,46.44B,7.798B,12.87B,18.42B,5.072B,2.973B,2.503B,5.843B
GOOGL,2011-03,381.00M,36.68B,2.936B,3.216B,440.00M,2.798,2.758,7.324B,12.51B,5.639B,2011-03,0,1.798B,186.00M,186.00M,8.249B,32.00M,0,2.296B,4.731B,2.392B,594.00M,1.226B,8.575B,2.117B,48.85B,59.96B,18.80B,43.31B,9.332B,11.11B,16.65B,1.777B,3.343B,2.396B,4.818B
