Ticker,Date,Accrued Comprehensive Inc,Cash and Short Term Investments,Cost of Goods Sold,Current Debt & Capital Lease Obligation,Current Deferred Liabilities,EPS Basic,EPS Diluted,Goodwill and Intangibles,Gross PP&E,Gross Profit,Income (Quarterly),Inventories,Net Income,Net Non-Operating Interest Income Expense,Net Operating Interest Income,Net PP&E,Non-Current Deferred Liabilities,Non-Current Portion of LTD and Capital Lease Obligation,Operating Income,Payables and Accrued Expenses,Pre-Tax Income,Provision for Income Taxes,Revenue,SG&A Expense,Shareholders Equity,Total Assets,Total Capital Stock,Total Current Assets,Total Current Liabilities,Total Liabilities,Total Long Term Assets,Total Long Term Liabilities,Total Operating Expenses,Total Payables,Total Receivables
GPS,2021-01,9.00M,2.398B,2.756B,831.00M,231.00M,0.62,0.61,170.00M,12.67B,1.668B,2021-01,2.451B,234.00M,-57.00M,-57.00M,7.058B,47.00M,6.833B,134.00M,1.87B,77.00M,-157.00M,4.424B,0,2.614B,13.77B,19.00M,6.008B,3.884B,11.16B,7.761B,7.271B,1.534B,1.777B,363.00M
GPS,2020-10,24.00M,2.649B,2.374B,823.00M,226.00M,0.25,0.25,230.00M,13.20B,1.62B,2020-10,2.747B,95.00M,-54.00M,-54.00M,7.306B,50.00M,7.113B,175.00M,3.608B,121.00M,26.00M,3.994B,0,2.371B,14.37B,19.00M,6.362B,4.431B,12.00B,8.011B,7.571B,1.445B,2.325B,316.00M
GPS,2020-07,22.00M,2.213B,2.126B,856.00M,328.00M,-0.17,-0.17,201.00M,13.52B,1.149B,2020-07,2.242B,-62.00M,-56.00M,-56.00M,7.584B,736.00M,7.391B,73.00M,2.793B,-41.00M,21.00M,3.275B,0,2.253B,13.72B,19.00M,5.337B,3.649B,11.46B,8.379B,7.814B,1.076B,1.669B,321.00M
GPS,2020-04,46.00M,1.079B,1.839B,1.386B,0,-2.51,-2.51,0,13.68B,268.00M,2020-04,2.217B,-932.00M,-15.00M,-15.00M,7.796B,0,6.581B,-1.244B,2.045B,-1.259B,-327.00M,2.107B,0,2.317B,12.71B,19.00M,4.216B,3.431B,10.39B,8.494B,6.962B,1.512B,994.00M,0
GPS,2020-01,40.00M,1.654B,3.00B,920.00M,0,-0.49,-0.49,0,14.36B,1.674B,2020-01,2.156B,-184.00M,-9.00M,-9.00M,8.524B,0,6.757B,-245.00M,1.302B,-254.00M,-70.00M,4.674B,0,3.316B,13.68B,19.00M,4.516B,3.209B,10.36B,9.163B,7.154B,1.919B,1.222B,0
GPS,2019-10,42.00M,1.082B,2.439B,934.00M,0,0.37,0.37,0,15.02B,1.559B,2019-10,2.72B,140.00M,-12.00M,-12.00M,9.021B,0,6.899B,221.00M,2.258B,209.00M,69.00M,3.998B,0,3.634B,14.12B,19.00M,4.572B,3.192B,10.48B,9.546B,7.292B,1.338B,1.284B,0
GPS,2019-07,55.00M,1.471B,2.449B,946.00M,0,0.44,0.44,0,14.87B,1.556B,2019-07,2.326B,168.00M,-11.00M,-11.00M,8.948B,0,6.893B,282.00M,2.188B,271.00M,103.00M,4.005B,0,3.625B,14.04B,19.00M,4.567B,3.134B,10.42B,9.476B,7.284B,1.274B,1.28B,0
GPS,2019-04,57.00M,1.213B,2.362B,929.00M,0,0.6,0.6,0,14.73B,1.344B,2019-04,2.242B,227.00M,-14.00M,-14.00M,8.861B,0,6.846B,316.00M,1.902B,302.00M,75.00M,3.706B,0,3.571B,13.62B,19.00M,4.212B,2.831B,10.05B,9.408B,7.218B,1.028B,1.02B,0
GPS,2019-01,53.00M,1.369B,2.978B,0,0,0.72,0.72,0,8.667B,1.645B,2019-01,2.131B,276.00M,-7.00M,-7.00M,2.912B,0,1.249B,372.00M,1.191B,365.00M,89.00M,4.623B,0,3.553B,8.049B,19.00M,4.251B,2.174B,4.496B,3.798B,2.322B,1.273B,1.15B,0
GPS,2018-10,53.00M,1.254B,2.466B,0,0,0.69,0.69,0,8.999B,1.623B,2018-10,2.668B,266.00M,-13.00M,-13.00M,2.887B,0,1.249B,363.00M,2.393B,350.00M,84.00M,4.089B,0,3.44B,8.173B,19.00M,4.714B,2.393B,4.733B,3.459B,2.34B,1.26B,1.323B,0
GPS,2018-07,53.00M,1.608B,2.458B,67.00M,350.00M,0.77,0.76,204.00M,8.895B,1.627B,2018-07,2.202B,297.00M,-10.00M,-10.00M,2.832B,749.00M,1.249B,398.00M,2.341B,388.00M,91.00M,4.085B,0,3.34B,8.01B,19.00M,4.59B,2.341B,4.67B,3.42B,2.329B,1.229B,1.315B,282.00M
GPS,2018-04,51.00M,1.374B,2.356B,65.00M,355.00M,0.42,0.42,204.00M,8.816B,1.427B,2018-04,2.035B,164.00M,-10.00M,-10.00M,2.791B,748.00M,1.249B,229.00M,2.058B,219.00M,55.00M,3.783B,0,3.197B,7.585B,19.00M,4.187B,2.058B,4.388B,3.398B,2.33B,1.198B,1.083B,335.00M
GPS,2018-01,36.00M,1.783B,3.019B,424.00M,0,0.53,0.52,0,8.767B,1.759B,2018-01,1.997B,205.00M,-13.00M,-13.00M,2.805B,0,1.249B,396.00M,1.234B,383.00M,178.00M,4.778B,0,3.144B,7.989B,19.00M,4.568B,2.461B,4.845B,3.421B,2.384B,1.363B,1.191B,0
GPS,2017-10,40.00M,1.353B,2.313B,424.00M,0,0.59,0.58,0,8.727B,1.525B,2017-10,2.476B,229.00M,-14.00M,-14.00M,2.686B,0,1.248B,378.00M,2.596B,364.00M,135.00M,3.838B,0,3.024B,7.895B,19.00M,4.483B,2.596B,4.871B,3.412B,2.275B,1.147B,1.464B,0
GPS,2017-07,23.00M,1.609B,2.32B,424.00M,0,0.69,0.68,0,8.645B,1.479B,2017-07,2.051B,271.00M,-12.00M,-12.00M,2.643B,0,1.248B,451.00M,2.399B,439.00M,168.00M,3.799B,0,2.945B,7.617B,20.00M,4.258B,2.399B,4.672B,3.359B,2.273B,1.028B,1.337B,0
GPS,2017-04,46.00M,1.583B,2.137B,0,0,0.36,0.36,0,8.482B,1.303B,2017-04,1.961B,143.00M,-16.00M,-16.00M,2.605B,0,1.248B,254.00M,2.235B,238.00M,95.00M,3.44B,0,2.862B,7.411B,20.00M,4.119B,2.302B,4.549B,3.292B,2.247B,1.049B,1.147B,0
GPS,2017-01,54.00M,1.783B,2.928B,0,0,0.55,0.55,0,8.429B,1.501B,2017-01,1.83B,220.00M,-16.00M,-16.00M,2.616B,0,1.248B,301.00M,1.321B,285.00M,65.00M,4.429B,0,2.904B,7.61B,20.00M,4.315B,2.453B,4.706B,3.295B,2.253B,1.20B,1.275B,0
GPS,2016-10,28.00M,1.522B,2.305B,0,0,0.51,0.51,0,8.562B,1.493B,2016-10,2.398B,204.00M,-17.00M,-17.00M,2.662B,0,1.32B,389.00M,2.491B,372.00M,168.00M,3.798B,0,2.726B,8.007B,20.00M,4.671B,2.915B,5.281B,3.336B,2.366B,1.104B,1.432B,0
GPS,2016-07,-1.00M,1.681B,2.414B,0,0,0.31,0.31,0,8.658B,1.437B,2016-07,1.951B,125.00M,-16.00M,-16.00M,2.755B,0,1.321B,279.00M,2.357B,263.00M,138.00M,3.851B,0,2.559B,7.737B,20.00M,4.301B,2.781B,5.178B,3.436B,2.397B,1.158B,1.294B,0
GPS,2016-04,20.00M,1.313B,2.229B,0,0,0.32,0.32,0,8.627B,1.209B,2016-04,1.958B,127.00M,-18.00M,-18.00M,2.864B,0,1.318B,222.00M,2.131B,204.00M,77.00M,3.438B,0,2.522B,7.507B,20.00M,3.945B,2.555B,4.985B,3.562B,2.43B,987.00M,1.157B,0
GPS,2016-01,85.00M,1.37B,2.945B,421.00M,354.00M,0.54,0.53,272.00M,8.494B,1.44B,2016-01,1.873B,214.00M,-15.00M,-15.00M,2.85B,776.00M,1.31B,355.00M,1.166B,340.00M,126.00M,4.385B,0,2.545B,7.473B,20.00M,3.985B,2.535B,4.928B,3.488B,2.393B,1.085B,1.135B,282.00M
GPS,2015-10,105.00M,1.042B,2.417B,421.00M,353.00M,0.61,0.61,272.00M,8.487B,1.44B,2015-10,2.498B,248.00M,-18.00M,-18.00M,2.814B,773.00M,1.331B,414.00M,2.347B,396.00M,148.00M,3.857B,0,2.609B,7.806B,20.00M,4.361B,2.768B,5.197B,3.445B,2.429B,1.026B,1.35B,275.00M
GPS,2015-07,144.00M,1.043B,2.44B,20.00M,331.00M,0.53,0.52,272.00M,8.411B,1.458B,2015-07,2.005B,219.00M,-16.00M,-16.00M,2.74B,766.00M,1.328B,369.00M,2.164B,353.00M,134.00M,3.898B,0,2.671B,7.287B,20.00M,3.947B,2.184B,4.616B,3.34B,2.432B,1.089B,1.21B,462.00M
GPS,2015-04,140.00M,1.234B,2.275B,21.00M,0,0.57,0.56,0,8.389B,1.382B,2015-04,2.01B,239.00M,-4.00M,-4.00M,2.79B,0,1.331B,386.00M,2.153B,382.00M,143.00M,3.657B,0,2.879B,7.495B,21.00M,4.118B,2.174B,4.616B,3.377B,2.442B,996.00M,1.193B,0
GPS,2015-01,165.00M,1.515B,3.05B,21.00M,0,0.75,0.75,0,8.305B,1.658B,2015-01,1.889B,319.00M,-17.00M,-17.00M,2.773B,0,1.332B,519.00M,1.193B,502.00M,183.00M,4.708B,0,2.983B,7.69B,21.00M,4.317B,2.234B,4.707B,3.373B,2.473B,1.139B,1.193B,0
GPS,2014-10,154.00M,954.00M,2.376B,22.00M,0,0.81,0.8,0,8.332B,1.596B,2014-10,2.553B,351.00M,-18.00M,-18.00M,2.777B,0,1.358B,554.00M,2.50B,536.00M,185.00M,3.972B,0,2.855B,7.819B,21.00M,4.323B,2.522B,4.964B,3.496B,2.442B,1.042B,1.489B,0
GPS,2014-07,129.00M,1.518B,2.412B,24.00M,0,0.76,0.75,0,8.278B,1.569B,2014-07,1.948B,332.00M,-18.00M,-18.00M,2.739B,0,1.369B,567.00M,2.238B,549.00M,217.00M,3.981B,0,2.946B,7.678B,22.00M,4.244B,2.262B,4.732B,3.434B,2.47B,1.002B,1.253B,0
GPS,2014-04,130.00M,1.544B,2.308B,24.00M,0,0.58,0.58,0,8.162B,1.466B,2014-04,1.909B,260.00M,-17.00M,-17.00M,2.703B,0,1.369B,443.00M,2.179B,426.00M,166.00M,3.774B,0,3.036B,7.695B,22.00M,4.32B,2.203B,4.659B,3.375B,2.456B,1.023B,1.199B,0
GPS,2014-01,135.00M,1.51B,2.982B,25.00M,0,0.69,0.68,0,8.159B,1.593B,2014-01,1.928B,307.00M,-18.00M,-18.00M,2.758B,0,1.369B,522.00M,1.278B,504.00M,197.00M,4.575B,0,3.062B,7.849B,55.00M,4.43B,2.445B,4.787B,3.419B,2.342B,1.071B,1.278B,0
GPS,2013-10,145.00M,996.00M,2.387B,0,0,0.73,0.72,0,8.162B,1.589B,2013-10,2.471B,337.00M,-20.00M,-20.00M,2.714B,0,1.247B,576.00M,2.631B,556.00M,219.00M,3.976B,0,2.956B,7.786B,55.00M,4.39B,2.631B,4.83B,3.396B,2.199B,1.013B,1.567B,0
GPS,2013-07,156.00M,1.925B,2.301B,2.00M,325.00M,0.65,0.64,316.00M,8.008B,1.567B,2013-07,1.837B,303.00M,-18.00M,-18.00M,2.646B,777.00M,1.247B,521.00M,2.278B,503.00M,200.00M,3.868B,0,3.458B,7.92B,55.00M,4.586B,2.278B,4.462B,3.334B,2.184B,1.046B,1.284B,331.00M
GPS,2013-04,167.00M,1.61B,2.185B,48.00M,332.00M,0.72,0.71,159.00M,2.608B,1.544B,2013-04,1.723B,333.00M,0,0,2.608B,727.00M,1.247B,530.00M,2.102B,530.00M,197.00M,3.729B,0,3.161B,7.439B,55.00M,4.131B,2.102B,4.278B,3.308B,2.176B,1.014B,1.168B,297.00M
GPS,2013-01,181.00M,1.51B,2.949B,59.00M,0,0.74,0.73,176.00M,7.91B,1.776B,2013-01,1.758B,351.00M,-18.00M,-18.00M,2.619B,0,1.246B,602.00M,1.278B,584.00M,233.00M,4.725B,0,2.894B,7.47B,55.00M,4.132B,2.344B,4.576B,3.338B,2.232B,1.174B,1.252B,0
GPS,2012-10,219.00M,1.77B,2.271B,59.00M,0,0.64,0.63,154.00M,7.914B,1.593B,2012-10,2.269B,308.00M,-21.00M,-21.00M,2.559B,0,1.246B,520.00M,2.626B,499.00M,191.00M,3.864B,0,3.161B,8.007B,55.00M,4.833B,2.628B,4.846B,3.174B,2.218B,1.073B,1.585B,0
GPS,2012-07,224.00M,2.114B,2.148B,52.00M,0,0.5,0.49,154.00M,2.521B,1.427B,2012-07,1.668B,243.00M,-20.00M,-20.00M,2.521B,0,1.566B,425.00M,2.19B,405.00M,162.00M,3.575B,0,2.898B,7.661B,55.00M,4.54B,2.238B,4.763B,3.121B,2.525B,1.002B,1.213B,0
GPS,2012-04,226.00M,2.047B,2.112B,40.00M,0,0.48,0.47,155.00M,2.521B,1.375B,2012-04,1.591B,233.00M,-22.00M,-22.00M,2.521B,0,1.566B,395.00M,1.995B,373.00M,140.00M,3.487B,0,3.017B,7.572B,55.00M,4.445B,2.054B,4.555B,3.127B,2.501B,980.00M,1.075B,0
GPS,2012-01,229.00M,1.885B,2.878B,0,0,0.44,0.44,0,7.783B,1.405B,2012-01,1.615B,218.00M,-22.00M,-22.00M,2.523B,0,1.606B,372.00M,1.097B,350.00M,132.00M,4.283B,0,2.755B,7.422B,55.00M,4.309B,2.128B,4.667B,3.113B,2.539B,1.033B,1.071B,0
GPS,2011-10,226.00M,1.417B,2.271B,0,0,0.38,0.38,0,7.752B,1.314B,2011-10,2.322B,193.00M,-21.00M,-21.00M,2.55B,0,2.516B,346.00M,2.43B,325.00M,132.00M,3.585B,0,2.659B,7.657B,55.00M,4.554B,2.482B,4.998B,3.103B,2.516B,968.00M,1.473B,0
GPS,2011-07,214.00M,2.179B,2.135B,0,0,0.35,0.35,0,7.726B,1.251B,2011-07,1.75B,189.00M,-21.00M,-21.00M,2.56B,0,2.524B,334.00M,2.118B,313.00M,124.00M,3.386B,0,3.124B,7.806B,55.00M,4.681B,2.158B,4.682B,3.125B,2.524B,917.00M,1.163B,0
GPS,2011-04,200.00M,2.467B,1.991B,0,0,0.4,0.4,0,7.67B,1.304B,2011-04,1.713B,233.00M,-5.00M,-5.00M,2.559B,0,2.166B,386.00M,2.09B,381.00M,148.00M,3.295B,0,3.771B,8.027B,55.00M,4.87B,2.09B,4.256B,3.157B,2.166B,918.00M,1.138B,0
