Ticker,Date,Accrued Comprehensive Inc,Cash and Short Term Investments,Cost of Goods Sold,Current Debt & Capital Lease Obligation,Current Deferred Liabilities,EPS Basic,EPS Diluted,Goodwill and Intangibles,Gross PP&E,Gross Profit,Income (Quarterly),Inventories,Net Income,Net Non-Operating Interest Income Expense,Net Operating Interest Income,Net PP&E,Non-Current Deferred Liabilities,Non-Current Portion of LTD and Capital Lease Obligation,Operating Income,Payables and Accrued Expenses,Pre-Tax Income,Provision for Income Taxes,Revenue,SG&A Expense,Shareholders Equity,Total Assets,Total Capital Stock,Total Current Assets,Total Current Liabilities,Total Liabilities,Total Long Term Assets,Total Long Term Liabilities,Total Operating Expenses,Total Payables,Total Receivables
GWW,2020-12,-61.00M,585.00M,1.914B,8.00M,0,3.14,3.12,619.00M,3.537B,1.027B,2020-12,1.733B,168.00M,-21.00M,-21.00M,1.395B,110.00M,2.389B,275.00M,1.126B,259.00M,74.00M,2.941B,752.00M,1.828B,6.295B,55.00M,3.919B,1.441B,4.202B,2.376B,2.761B,752.00M,821.00M,1.474B
GWW,2020-09,-134.00M,859.00M,1.944B,12.00M,0,4.43,4.41,593.00M,3.527B,1.074B,2020-09,1.78B,240.00M,-23.00M,-23.00M,1.394B,112.00M,2.388B,380.00M,1.18B,362.00M,106.00M,3.018B,694.00M,2.131B,6.583B,55.00M,4.273B,1.441B,4.208B,2.31B,2.767B,694.00M,856.00M,1.485B
GWW,2020-06,-151.00M,1.603B,1.821B,36.00M,0,2.11,2.1,588.00M,3.47B,1.016B,2020-06,1.695B,114.00M,-28.00M,-28.00M,1.365B,103.00M,3.301B,205.00M,1.107B,184.00M,55.00M,2.837B,811.00M,1.929B,7.194B,55.00M,4.918B,1.388B,5.042B,2.276B,3.654B,811.00M,795.00M,1.46B
GWW,2020-03,-217.00M,1.492B,1.88B,38.00M,0,3.2,3.19,587.00M,3.478B,1.121B,2020-03,1.615B,173.00M,-21.00M,-21.00M,1.357B,99.00M,3.303B,159.00M,1.266B,142.00M,-43.00M,3.001B,962.00M,1.81B,7.177B,55.00M,4.914B,1.50B,5.147B,2.263B,3.647B,962.00M,882.00M,1.613B
GWW,2019-12,-154.00M,360.00M,1.765B,301.00M,0,1.89,1.88,733.00M,3.493B,1.082B,2019-12,1.655B,103.00M,-19.00M,-19.00M,1.40B,106.00M,1.914B,181.00M,1.064B,170.00M,53.00M,2.847B,901.00M,1.855B,6.005B,55.00M,3.555B,1.678B,3.945B,2.45B,2.267B,901.00M,746.00M,1.425B
GWW,2019-09,-174.00M,286.00M,1.848B,270.00M,0,4.27,4.25,847.00M,3.451B,1.099B,2019-09,1.52B,233.00M,-20.00M,-20.00M,1.384B,120.00M,1.918B,338.00M,1.062B,322.00M,78.00M,2.947B,761.00M,1.871B,5.922B,55.00M,3.396B,1.572B,3.85B,2.526B,2.278B,761.00M,735.00M,1.495B
GWW,2019-06,-156.00M,315.00M,1.772B,132.00M,0,4.69,4.67,866.00M,3.424B,1.121B,2019-06,1.535B,260.00M,-21.00M,-21.00M,1.38B,115.00M,2.08B,380.00M,1.091B,366.00M,94.00M,2.893B,741.00M,1.923B,5.992B,55.00M,3.456B,1.452B,3.878B,2.536B,2.426B,741.00M,803.00M,1.503B
GWW,2019-03,-168.00M,392.00M,1.704B,134.00M,0,4.5,4.48,871.00M,3.481B,1.095B,2019-03,1.523B,253.00M,-19.00M,-19.00M,1.358B,101.00M,2.077B,363.00M,1.155B,351.00M,89.00M,2.799B,732.00M,1.971B,6.014B,55.00M,3.508B,1.462B,3.862B,2.506B,2.40B,732.00M,831.00M,1.485B
GWW,2018-12,-171.00M,538.00M,1.697B,130.00M,0,3.71,3.68,884.00M,3.441B,1.066B,2018-12,1.541B,209.00M,-16.00M,-16.00M,1.352B,103.00M,2.09B,290.00M,976.00M,279.00M,60.00M,2.763B,776.00M,1.921B,5.873B,55.00M,3.557B,1.501B,3.78B,2.316B,2.279B,776.00M,707.00M,1.385B
GWW,2018-09,-164.86M,516.85M,1.752B,86.40M,0,1.84,1.82,909.34M,3.441B,1.079B,2018-09,1.473B,104.00M,-20.00M,-20.00M,1.349B,115.64M,2.148B,189.00M,1.072B,171.00M,56.00M,2.831B,890.00M,1.938B,5.932B,54.83M,3.583B,1.467B,3.832B,2.349B,2.365B,890.00M,769.43M,1.481B
GWW,2018-06,-167.11M,312.46M,1.75B,84.39M,0,4.19,4.16,1.069B,3.426B,1.111B,2018-06,1.464B,237.00M,-21.00M,-21.00M,1.360B,117.21M,2.210B,344.00M,1.046B,324.00M,76.00M,2.861B,767.00M,1.894B,5.905B,54.83M,3.373B,1.424B,3.854B,2.532B,2.430B,767.00M,773.70M,1.463B
GWW,2018-03,-122.35M,302.02M,1.674B,167.92M,0,4.09,4.07,549.42M,3.440B,1.092B,2018-03,1.435B,232.00M,-25.00M,-25.00M,1.370B,121.77M,2.244B,335.00M,1.125B,307.00M,66.00M,2.766B,757.00M,1.771B,5.903B,54.83M,3.307B,1.504B,3.977B,2.596B,2.473B,757.00M,801.15M,1.428B
GWW,2017-12,-135.00M,327.00M,1.611B,95.00M,0,2.64,2.63,1.113B,3.445B,1.022B,2017-12,1.429B,151.33M,-22.39M,-22.39M,1.392B,111.00M,2.248B,235.68M,1.065B,208.13M,45.76M,2.633B,785.99M,1.69B,5.804B,55.00M,3.206B,1.507B,3.976B,2.598B,2.469B,785.99M,751.00M,1.325B
GWW,2017-09,-134.03M,284.58M,1.619B,53.18M,0,2.8,2.79,1.126B,3.442B,1.017B,2017-09,1.392B,162.01M,-23.08M,-23.08M,1.396B,135.15M,2.270B,277.74M,1.081B,250.00M,79.18M,2.636B,739.44M,1.767B,5.825B,54.83M,3.175B,1.393B,3.924B,2.65B,2.531B,739.44M,747.53M,1.373B
GWW,2017-06,-203.60M,275.06M,1.575B,158.30M,0,1.68,1.67,1.129B,3.410B,1.040B,2017-06,1.398B,97.92M,-22.00M,-22.00M,1.392B,135.27M,2.268B,229.08M,1.006B,207.20M,100.24M,2.615B,810.88M,1.723B,5.862B,54.83M,3.186B,1.411B,4.014B,2.676B,2.603B,810.88M,715.08M,1.370B
GWW,2017-03,-249.93M,238.80M,1.522B,441.62M,0,2.95,2.93,1.120B,3.396B,1.019B,2017-03,1.388B,174.74M,-18.52M,-18.52M,1.410B,133.98M,1.848B,292.50M,1.079B,270.67M,87.82M,2.541B,726.69M,1.795B,5.783B,54.83M,3.096B,1.688B,3.866B,2.686B,2.178B,726.69M,761.34M,1.325B
GWW,2016-12,-272.29M,274.15M,1.480B,406.11M,0,1.02,1.01,1.113B,3.412B,990.14M,2016-12,1.406B,60.74M,-26.92M,-26.92M,1.421B,126.10M,1.841B,167.73M,955.36M,145.25M,76.75M,2.471B,822.40M,1.798B,5.694B,54.83M,3.020B,1.629B,3.789B,2.674B,2.160B,822.40M,665.15M,1.223B
GWW,2016-09,-208.13M,285.98M,1.557B,404.17M,0,3.07,3.05,1.015B,3.421B,1.040B,2016-09,1.381B,185.87M,-17.88M,-17.88M,1.437B,132.76M,1.874B,322.59M,903.27M,293.18M,99.78M,2.596B,717.16M,2.043B,5.886B,54.83M,3.129B,1.536B,3.724B,2.756B,2.188B,717.16M,634.21M,1.326B
GWW,2016-06,-192.31M,316.00M,1.524B,505.47M,0,2.81,2.79,1.028B,3.386B,1.040B,2016-06,1.419B,172.68M,-16.64M,-16.64M,1.419B,135.95M,1.766B,305.59M,896.52M,282.98M,103.54M,2.564B,734.47M,2.134B,5.965B,54.83M,3.190B,1.641B,3.722B,2.775B,2.081B,734.47M,645.95M,1.310B
GWW,2016-03,-176.01M,279.91M,1.461B,705.20M,0,3,2.98,1.054B,3.408B,1.045B,2016-03,1.421B,186.71M,-13.56M,-13.56M,1.442B,158.24M,1.387B,317.09M,945.16M,297.58M,105.94M,2.507B,727.96M,2.267B,5.965B,54.83M,3.139B,1.880B,3.601B,2.826B,1.720B,727.96M,670.70M,1.305B
GWW,2015-12,-221.09M,290.14M,1.476B,600.42M,0,2.32,2.3,1.230B,3.370B,1.002B,2015-12,1.414B,145.23M,-13.62M,-13.62M,1.431B,154.35M,1.388B,251.63M,866.86M,234.93M,85.76M,2.478B,750.75M,2.267B,5.858B,54.83M,3.049B,1.789B,3.505B,2.809B,1.717B,750.75M,600.16M,1.210B
GWW,2015-09,-217.86M,258.15M,1.471B,361.59M,0,2.94,2.92,678.31M,3.283B,1.062B,2015-09,1.368B,192.20M,-13.44M,-13.44M,1.373B,127.71M,1.451B,340.73M,907.15M,319.45M,122.82M,2.533B,721.15M,2.361B,5.807B,54.83M,3.105B,1.549B,3.361B,2.702B,1.812B,721.15M,598.52M,1.291B
GWW,2015-06,-162.72M,819.79M,1.449B,56.77M,0,3.28,3.25,486.61M,3.150B,1.073B,2015-06,1.303B,220.55M,-3.907M,-3.907M,1.325B,95.46M,1.349B,356.72M,765.15M,348.69M,123.45M,2.523B,716.72M,3.021B,5.827B,54.83M,3.524B,1.047B,2.727B,2.303B,1.680B,716.72M,509.24M,1.198B
GWW,2015-03,-172.72M,243.43M,1.346B,256.95M,0,3.11,3.07,481.54M,3.099B,1.094B,2015-03,1.328B,211.02M,-1.444M,-1.444M,1.307B,92.14M,371.07M,351.25M,834.49M,347.64M,133.49M,2.440B,742.50M,3.133B,5.211B,54.83M,2.947B,1.298B,2.001B,2.264B,703.16M,742.50M,588.34M,1.198B
GWW,2014-12,-96.67M,226.64M,1.456B,80.30M,0,2.17,2.14,770.84M,3.115B,1.055B,2014-12,1.356B,148.84M,-1.712M,-1.712M,1.324B,95.46M,403.33M,266.51M,811.64M,261.71M,110.60M,2.511B,788.29M,3.210B,5.283B,54.83M,2.968B,1.262B,1.999B,2.316B,737.23M,788.29M,566.34M,1.173B
GWW,2014-09,-24.82M,319.73M,1.459B,72.00M,0,3.33,3.3,540.41M,3.001B,1.103B,2014-09,1.307B,230.32M,-1.747M,-1.747M,1.259B,113.84M,385.19M,385.51M,758.50M,382.64M,149.58M,2.562B,717.27M,3.396B,5.326B,54.83M,3.044B,1.157B,1.850B,2.283B,693.23M,717.27M,517.46M,1.235B
GWW,2014-06,38.69M,331.71M,1.425B,134.97M,0,2.97,2.94,554.72M,2.957B,1.081B,2014-06,1.317B,205.92M,-2.344M,-2.344M,1.249B,112.32M,432.48M,340.75M,737.01M,338.42M,129.35M,2.506B,739.94M,3.364B,5.311B,54.83M,3.031B,1.126B,1.863B,2.281B,736.84M,739.94M,522.53M,1.178B
GWW,2014-03,7.721M,375.56M,1.310B,136.63M,0,3.11,3.07,522.06M,2.886B,1.076B,2014-03,1.266B,216.65M,-2.223M,-2.223M,1.211B,114.81M,438.07M,354.34M,813.54M,351.61M,132.56M,2.386B,721.63M,3.248B,5.234B,54.83M,2.996B,1.166B,1.906B,2.239B,739.50M,721.63M,592.85M,1.160B
GWW,2013-12,28.91M,430.64M,1.371B,97.29M,0,2.24,2.2,828.88M,2.941B,1.006B,2013-12,1.306B,156.75M,-2.405M,-2.405M,1.209B,113.58M,445.51M,256.76M,735.80M,254.30M,94.90M,2.377B,749.63M,3.250B,5.266B,54.83M,3.044B,1.196B,1.939B,2.222B,743.70M,749.63M,516.96M,1.102B
GWW,2013-09,18.25M,540.00M,1.347B,100.52M,0,2.99,2.95,568.95M,2.840B,1.051B,2013-09,1.257B,210.79M,-2.912M,-2.912M,1.136B,120.70M,448.13M,346.72M,660.13M,343.86M,130.79M,2.399B,704.65M,3.289B,5.252B,54.83M,3.049B,1.074B,1.882B,2.202B,807.92M,704.65M,453.20M,1.082B
GWW,2013-06,0.365M,488.74M,1.335B,95.51M,0,3.08,3.03,513.54M,2.791B,1.047B,2013-06,1.222B,217.66M,-2.405M,-2.405M,1.119B,118.33M,452.45M,350.07M,643.96M,347.52M,126.77M,2.382B,696.91M,3.165B,5.030B,54.83M,2.962B,986.88M,1.788B,2.068B,801.06M,696.91M,461.28M,1.076B
GWW,2013-03,31.86M,485.52M,1.249B,95.36M,0,2.99,2.94,521.58M,2.779B,1.032B,2013-03,1.231B,211.84M,-2.268M,-2.268M,1.133B,119.00M,454.53M,343.30M,692.88M,341.92M,127.40M,2.280B,688.43M,3.129B,5.014B,54.83M,2.923B,989.42M,1.796B,2.090B,806.12M,688.43M,496.32M,1.032B
GWW,2012-12,53.58M,452.06M,1.257B,97.60M,0,2.21,2.17,786.40M,2.760B,969.52M,2012-12,1.302B,156.27M,-4.604M,-4.604M,1.145B,119.28M,467.05M,258.44M,646.52M,253.83M,95.34M,2.226B,711.09M,3.024B,5.015B,54.83M,2.901B,1.080B,1.897B,2.114B,817.23M,711.09M,441.72M,940.02M
GWW,2012-09,-8.268M,420.80M,1.287B,82.39M,0,2.19,2.15,899.51M,2.681B,993.96M,2012-09,1.270B,155.39M,-4.044M,-4.044M,1.093B,109.01M,479.70M,254.33M,693.30M,250.72M,92.92M,2.281B,739.63M,2.867B,4.984B,54.83M,2.875B,1.083B,2.015B,2.109B,932.18M,739.63M,449.89M,1.022B
GWW,2012-06,-34.82M,249.75M,1.271B,75.04M,0,2.68,2.63,875.44M,2.633B,978.34M,2012-06,1.266B,190.70M,-2.308M,-2.308M,1.078B,103.03M,473.50M,314.00M,647.39M,310.73M,117.63M,2.249B,664.34M,2.795B,4.761B,54.83M,2.699B,962.91M,1.867B,2.063B,904.24M,664.34M,484.52M,1.015B
GWW,2012-03,-8.584M,338.76M,1.219B,332.14M,0,2.63,2.57,865.12M,2.606B,974.33M,2012-03,1.244B,187.52M,-2.462M,-2.462M,1.072B,102.03M,191.55M,304.36M,698.74M,302.51M,113.06M,2.193B,669.97M,2.781B,4.751B,54.83M,2.706B,1.231B,1.878B,2.045B,646.80M,669.97M,528.89M,977.44M
GWW,2011-12,-28.74M,335.49M,1.171B,341.51M,0,2.08,2.04,756.61M,2.565B,905.78M,2011-12,1.269B,148.48M,-2.146M,-2.146M,1.060B,100.22M,175.06M,221.49M,679.46M,226.08M,74.37M,2.077B,684.29M,2.629B,4.716B,54.83M,2.695B,1.388B,1.992B,2.021B,603.86M,684.29M,500.80M,888.70M
GWW,2011-09,-3.24M,360.66M,1.202B,444.01M,0,2.56,2.51,862.43M,2.489B,913.00M,2011-09,1.114B,182.12M,-2.026M,-2.026M,1.008B,114.87M,163.42M,303.04M,612.37M,300.46M,116.41M,2.115B,609.96M,2.539B,4.551B,54.83M,2.578B,1.375B,1.919B,1.973B,544.53M,609.96M,463.50M,944.98M
GWW,2011-06,65.81M,465.70M,1.141B,285.76M,0,2.39,2.34,623.38M,2.446B,862.39M,2011-06,996.60M,169.88M,-1.453M,-1.453M,981.34M,83.61M,200.47M,265.28M,535.20M,263.83M,92.26M,2.003B,597.11M,2.488B,4.200B,54.83M,2.506B,1.079B,1.626B,1.694B,546.86M,597.11M,407.11M,870.44M
GWW,2011-03,57.14M,334.70M,1.054B,76.56M,0,2.23,2.18,614.96M,2.403B,829.61M,2011-03,981.37M,157.93M,-1.398M,-1.398M,965.13M,87.14M,413.34M,262.61M,534.47M,261.16M,102.08M,1.884B,567.00M,2.317B,3.933B,54.83M,2.262B,781.97M,1.534B,1.672B,752.22M,567.00M,416.14M,809.85M
