Ticker,Date,Accrued Comprehensive Inc,Cash and Short Term Investments,Cost of Goods Sold,Current Debt & Capital Lease Obligation,Current Deferred Liabilities,EPS Basic,EPS Diluted,Goodwill and Intangibles,Gross PP&E,Gross Profit,Income (Quarterly),Inventories,Net Income,Net Non-Operating Interest Income Expense,Net Operating Interest Income,Net PP&E,Non-Current Deferred Liabilities,Non-Current Portion of LTD and Capital Lease Obligation,Operating Income,Payables and Accrued Expenses,Pre-Tax Income,Provision for Income Taxes,Revenue,SG&A Expense,Shareholders Equity,Total Assets,Total Capital Stock,Total Current Assets,Total Current Liabilities,Total Liabilities,Total Long Term Assets,Total Long Term Liabilities,Total Operating Expenses,Total Payables,Total Receivables
HAL,2021-03,-362.00M,2.446B,2.843B,765.00M,0,0.19,0.19,2.804B,4.991B,394.00M,2021-03,2.349B,170.00M,-125.00M,-125.00M,4.991B,0,9.845B,370.00M,1.769B,223.00M,52.00M,3.451B,44.00M,5.17B,20.58B,2.666B,9.52B,4.225B,15.40B,11.06B,11.17B,0,1.769B,3.25B
HAL,2020-12,-340.00M,2.563B,2.659B,946.00M,0,-0.27,-0.27,2.804B,16.15B,316.00M,2020-12,2.349B,-235.00M,-122.00M,-122.00M,5.111B,0,9.89B,350.00M,1.865B,-240.00M,-13.00M,3.237B,41.00M,4.974B,20.68B,2.666B,9.475B,4.421B,15.70B,11.20B,11.28B,44.00M,1.865B,3.071B
HAL,2020-09,-342.00M,2.115B,2.917B,435.00M,0,-0.02,-0.02,2.804B,17.03B,279.00M,2020-09,2.58B,-17.00M,-124.00M,-124.00M,5.794B,0,10.39B,275.00M,1.548B,-1.00M,18.00M,2.975B,43.00M,5.20B,20.87B,2.666B,9.023B,3.923B,15.67B,11.85B,11.75B,41.00M,1.548B,3.145B
HAL,2020-06,-351.00M,1.811B,4.481B,400.00M,0,-1.91,-1.91,2.801B,17.05B,556.00M,2020-06,2.745B,-1.676B,-134.00M,-134.00M,5.906B,0,10.42B,236.00M,1.708B,-2.083B,-402.00M,3.196B,54.00M,5.189B,21.10B,2.669B,9.099B,4.094B,15.91B,12.00B,11.81B,43.00M,1.708B,3.345B
HAL,2020-03,-362.00M,1.385B,4.586B,415.00M,0,-1.16,-1.16,2.812B,20.10B,605.00M,2020-03,3.22B,-1.017B,-141.00M,-141.00M,7.12B,0,10.44B,502.00M,2.64B,-896.00M,119.00M,5.037B,59.00M,6.83B,23.62B,2.669B,10.66B,5.053B,16.78B,12.97B,11.73B,54.00M,2.64B,4.85B
HAL,2019-12,-353.00M,2.268B,4.961B,219.00M,0,-1.88,-1.88,2.812B,20.87B,589.00M,2019-12,3.139B,-1.653B,-141.00M,-141.00M,8.241B,0,11.14B,546.00M,2.742B,-1.837B,-183.00M,5.191B,53.00M,8.012B,25.38B,2.67B,11.21B,4.878B,17.35B,14.16B,12.47B,59.00M,2.742B,4.577B
HAL,2019-09,-352.00M,1.571B,5.324B,208.00M,0,0.34,0.34,2.832B,23.55B,606.00M,2019-09,3.38B,295.00M,-144.00M,-144.00M,9.706B,0,11.08B,536.00M,2.733B,372.00M,76.00M,5.55B,56.00M,9.745B,26.79B,2.67B,11.22B,4.692B,17.03B,15.57B,12.34B,53.00M,2.733B,5.29B
HAL,2019-06,-354.00M,1.176B,5.252B,215.00M,0,0.09,0.09,2.825B,23.35B,485.00M,2019-06,3.347B,75.00M,-143.00M,-143.00M,9.756B,0,11.07B,550.00M,3.017B,151.00M,74.00M,5.93B,59.00M,9.508B,26.88B,2.671B,11.22B,4.955B,17.36B,15.66B,12.40B,56.00M,3.017B,5.70B
HAL,2019-03,-355.00M,1.38B,5.269B,255.00M,0,0.17,0.17,2.824B,23.18B,667.00M,2019-03,3.264B,152.00M,-137.00M,-137.00M,9.872B,0,11.06B,426.00M,3.08B,192.00M,40.00M,5.737B,59.00M,9.605B,26.99B,2.671B,11.19B,5.047B,17.36B,15.80B,12.32B,59.00M,3.08B,5.622B
HAL,2018-12,0,2.008B,0,0,0,0.76,0.76,2.825B,22.03B,0,2018-12,3.028B,664.00M,0,0,8.873B,0,10.31B,608.00M,3.266B,458.00M,-210.00M,5.936B,0,9.522B,25.98B,0,11.15B,4.802B,16.44B,14.83B,11.64B,59.00M,3.266B,5.234B
HAL,2018-09,-463.00M,2.057B,5.384B,35.00M,261.00M,0.5,0.5,2.80B,21.73B,788.00M,2018-09,2.887B,435.00M,-140.00M,-140.00M,8.821B,0,10.42B,716.00M,3.142B,534.00M,100.00M,6.172B,72.00M,8.998B,25.75B,2.672B,11.44B,4.953B,16.73B,14.32B,11.78B,72.00M,3.142B,5.526B
HAL,2018-06,-470.00M,2.472B,5.293B,444.00M,0,0.58,0.58,2.824B,21.48B,854.00M,2018-06,2.637B,511.00M,-137.00M,-137.00M,8.825B,0,10.43B,789.00M,3.029B,633.00M,125.00M,6.147B,65.00M,8.823B,25.76B,2.672B,11.44B,5.107B,16.92B,14.33B,11.82B,65.00M,3.029B,5.403B
HAL,2018-03,-471.00M,2.332B,5.063B,466.00M,0,0.05,0.05,2.707B,20.83B,677.00M,2018-03,2.458B,46.00M,-140.00M,-140.00M,8.596B,0,10.43B,619.00M,2.83B,189.00M,142.00M,5.74B,58.00M,8.365B,25.19B,2.672B,11.04B,4.969B,16.80B,14.16B,11.83B,58.00M,2.83B,5.255B
HAL,2017-12,-469.00M,2.337B,5.101B,512.00M,0,-0.94,-0.94,2.693B,20.77B,839.00M,2017-12,2.396B,-824.00M,-115.00M,-115.00M,8.521B,0,10.43B,768.00M,2.785B,244.00M,1.05B,5.94B,71.00M,8.322B,25.08B,2.673B,10.78B,4.862B,16.74B,14.31B,11.87B,71.00M,2.785B,5.036B
HAL,2017-09,-448.00M,1.898B,4.747B,515.00M,0,0.42,0.42,2.685B,20.34B,697.00M,2017-09,2.444B,365.00M,-115.00M,-115.00M,8.432B,0,10.42B,642.00M,2.416B,496.00M,135.00M,5.444B,55.00M,9.217B,25.79B,2.673B,10.14B,4.601B,16.54B,15.65B,11.94B,55.00M,2.416B,4.852B
HAL,2017-06,-450.00M,2.139B,4.474B,336.00M,0,0.03,0.03,2.407B,20.08B,483.00M,2017-06,2.283B,28.00M,-121.00M,-121.00M,8.374B,0,10.82B,408.00M,2.166B,-1.00M,-29.00M,4.957B,75.00M,8.917B,25.32B,2.673B,10.26B,4.068B,16.37B,15.06B,12.30B,75.00M,2.166B,4.385B
HAL,2017-03,-452.00M,2.107B,4.021B,97.00M,0,-0.04,-0.04,2.419B,19.86B,258.00M,2017-03,2.295B,-32.00M,-242.00M,-242.00M,8.415B,0,10.81B,203.00M,2.006B,-57.00M,-25.00M,4.279B,55.00M,8.951B,24.88B,2.674B,9.828B,3.842B,15.90B,15.06B,12.05B,55.00M,2.006B,4.008B
HAL,2016-12,-454.00M,4.009B,3.698B,170.00M,0,-0.17,-0.17,2.414B,19.73B,323.00M,2016-12,2.275B,-149.00M,-137.00M,-137.00M,8.532B,0,12.21B,229.00M,1.982B,-175.00M,-22.00M,4.021B,94.00M,9.409B,27.00B,2.674B,11.68B,4.023B,17.55B,15.32B,13.53B,94.00M,1.982B,3.922B
HAL,2016-09,-360.00M,3.289B,3.662B,152.00M,0,0.01,0.01,2.383B,19.68B,171.00M,2016-09,2.475B,6.00M,-141.00M,-141.00M,8.741B,0,12.16B,128.00M,1.543B,-52.00M,-59.00M,3.833B,43.00M,9.682B,26.76B,2.675B,11.76B,3.631B,17.03B,15.00B,13.40B,43.00M,1.543B,4.36B
HAL,2016-06,-361.00M,3.108B,3.732B,763.00M,0,-3.73,-3.73,2.383B,19.81B,103.00M,2016-06,2.65B,-3.208B,-196.00M,-196.00M,8.961B,0,12.16B,62.00M,1.49B,-4.107B,-902.00M,3.835B,41.00M,9.734B,27.74B,2.675B,12.58B,4.478B,17.96B,15.16B,13.48B,41.00M,1.49B,4.725B
HAL,2016-03,-364.00M,9.593B,3.925B,3.186B,298.00M,-2.81,-2.81,2.383B,21.23B,273.00M,2016-03,2.893B,-2.412B,-165.00M,-165.00M,9.252B,0,12.21B,225.00M,1.844B,-3.291B,-875.00M,4.198B,48.00M,13.02B,33.93B,2.676B,19.10B,7.412B,20.87B,14.83B,13.46B,48.00M,1.844B,4.983B
HAL,2015-12,-363.00M,10.08B,4.556B,659.00M,349.00M,-0.03,-0.03,2.385B,23.69B,526.00M,2015-12,2.993B,-28.00M,-136.00M,-136.00M,12.12B,0,14.69B,473.00M,2.312B,-93.00M,-67.00M,5.082B,53.00M,15.46B,36.94B,2.677B,20.07B,5.337B,21.45B,16.87B,16.11B,53.00M,2.312B,5.317B
HAL,2015-09,-451.00M,2.249B,5.039B,648.00M,350.00M,-0.06,-0.06,2.124B,20.56B,543.00M,2015-09,2.692B,-54.00M,-99.00M,-99.00M,11.02B,0,7.243B,506.00M,2.193B,-90.00M,-37.00M,5.582B,37.00M,15.45B,30.25B,2.677B,14.92B,5.703B,14.77B,15.33B,9.065B,37.00M,2.193B,5.791B
HAL,2015-06,-298.00M,2.76B,5.233B,14.00M,0,0.06,0.06,1.983B,20.49B,686.00M,2015-06,2.831B,54.00M,-106.00M,-106.00M,11.15B,0,7.838B,643.00M,2.181B,125.00M,71.00M,5.919B,43.00M,15.68B,30.61B,2.677B,15.22B,5.005B,14.89B,15.38B,9.886B,43.00M,2.181B,5.633B
HAL,2015-03,-402.00M,2.294B,6.285B,0,0,-0.76,-0.76,2.332B,23.54B,765.00M,2015-03,3.467B,-643.00M,-106.00M,-106.00M,12.30B,0,7.841B,699.00M,2.424B,-878.00M,-241.00M,7.05B,66.00M,15.59B,30.59B,2.678B,13.82B,5.018B,14.96B,16.76B,9.946B,66.00M,2.424B,6.419B
HAL,2014-12,-399.00M,2.291B,7.27B,0,0,1.07,1.06,2.33B,23.48B,1.50B,2014-12,3.571B,901.00M,-100.00M,-100.00M,12.48B,0,7.765B,1.445B,3.221B,1.24B,336.00M,8.77B,55.00M,16.27B,32.16B,2.679B,14.65B,5.866B,15.87B,17.52B,10.00B,55.00M,3.221B,7.564B
HAL,2014-09,-307.00M,2.029B,6.993B,0,0,1.42,1.41,2.312B,22.71B,1.708B,2014-09,3.65B,1.203B,-96.00M,-96.00M,12.05B,0,7.816B,1.634B,3.005B,1.55B,411.00M,8.701B,74.00M,15.49B,31.58B,2.679B,14.85B,5.889B,16.06B,16.74B,10.18B,74.00M,3.005B,7.555B
HAL,2014-06,-303.00M,2.36B,6.768B,0,0,0.92,0.91,2.267B,22.00B,1.283B,2014-06,3.529B,774.00M,-94.00M,-94.00M,11.68B,0,7.816B,1.194B,2.727B,1.076B,299.00M,8.051B,89.00M,14.56B,30.48B,2.679B,14.16B,5.369B,15.90B,16.32B,10.53B,89.00M,2.727B,6.781B
HAL,2014-03,-303.00M,2.123B,6.303B,0,0,0.73,0.73,2.193B,21.47B,1.045B,2014-03,3.415B,622.00M,-93.00M,-93.00M,11.46B,0,7.816B,970.00M,2.525B,846.00M,229.00M,7.348B,75.00M,13.72B,29.26B,2.68B,13.49B,4.932B,15.50B,15.77B,10.57B,75.00M,2.525B,6.314B
HAL,2013-12,-307.00M,2.356B,6.401B,0,0,0.93,0.93,2.168B,20.80B,1.238B,2013-12,3.305B,793.00M,-98.00M,-98.00M,11.32B,0,7.816B,1.144B,2.722B,1.04B,268.00M,7.639B,94.00M,13.58B,29.22B,2.68B,13.70B,5.026B,15.61B,15.52B,10.58B,94.00M,2.722B,6.181B
HAL,2013-09,-300.00M,1.491B,6.284B,0,307.00M,0.79,0.79,2.125B,20.09B,1.188B,2013-09,3.399B,706.00M,-91.00M,-91.00M,10.95B,0,7.816B,1.108B,2.278B,1.005B,296.00M,7.472B,80.00M,12.79B,27.95B,2.681B,12.89B,4.762B,15.13B,15.06B,10.37B,80.00M,2.278B,6.626B
HAL,2013-06,-302.00M,1.412B,6.246B,0,318.00M,0.7,0.69,2.116B,19.55B,1.071B,2013-06,3.341B,644.00M,-71.00M,-71.00M,10.75B,0,4.82B,984.00M,2.251B,902.00M,256.00M,7.317B,87.00M,15.34B,27.42B,2.681B,12.62B,4.777B,12.05B,14.80B,7.276B,87.00M,2.251B,6.359B
HAL,2013-03,-303.00M,2.029B,6.00B,0,309.00M,-0.02,-0.02,2.119B,18.89B,974.00M,2013-03,3.257B,-18.00M,-71.00M,-71.00M,10.51B,0,4.82B,902.00M,2.197B,-183.00M,-172.00M,6.974B,72.00M,15.71B,27.68B,2.681B,13.15B,4.666B,11.95B,14.53B,7.281B,72.00M,2.197B,6.21B
HAL,2012-12,-309.00M,2.484B,6.236B,0,269.00M,0.72,0.72,2.135B,18.31B,1.054B,2012-12,3.186B,669.00M,-73.00M,-73.00M,10.26B,0,4.82B,981.00M,2.041B,899.00M,307.00M,7.29B,73.00M,15.76B,27.41B,2.682B,13.09B,4.752B,11.62B,14.32B,6.868B,73.00M,2.041B,5.787B
HAL,2012-09,-262.00M,2.032B,6.09B,0,260.00M,0.65,0.65,2.075B,17.40B,1.021B,2012-09,3.539B,602.00M,-71.00M,-71.00M,9.678B,0,4.82B,954.00M,2.136B,877.00M,267.00M,7.111B,67.00M,15.17B,26.31B,2.682B,12.77B,4.598B,11.12B,13.55B,6.523B,67.00M,2.136B,5.87B
HAL,2012-06,-261.00M,2.172B,5.966B,0,0,0.8,0.79,1.986B,16.88B,1.268B,2012-06,3.297B,737.00M,-80.00M,-80.00M,9.363B,0,4.82B,1.201B,2.113B,1.104B,357.00M,7.234B,67.00M,14.54B,25.57B,2.683B,12.53B,4.44B,11.01B,13.04B,6.57B,67.00M,2.113B,5.674B
HAL,2012-03,-266.00M,2.655B,5.477B,0,0,0.68,0.68,1.966B,16.29B,1.391B,2012-03,2.916B,627.00M,-74.00M,-74.00M,8.897B,0,4.82B,1.323B,1.941B,942.00M,304.00M,6.868B,68.00M,13.84B,24.67B,2.683B,12.02B,4.31B,10.80B,12.65B,6.494B,68.00M,1.941B,5.336B
HAL,2011-12,-273.00M,2.698B,5.567B,0,0,0.98,0.98,1.776B,15.59B,1.497B,2011-12,2.57B,906.00M,-69.00M,-69.00M,8.492B,0,4.82B,1.43B,1.826B,1.354B,447.00M,7.064B,67.00M,13.20B,23.68B,2.683B,11.58B,4.121B,10.46B,12.10B,6.34B,67.00M,1.826B,5.084B
HAL,2011-09,-240.00M,2.175B,5.137B,0,0,0.74,0.74,1.373B,14.84B,1.411B,2011-09,2.412B,683.00M,-62.00M,-62.00M,7.993B,0,3.824B,1.332B,1.733B,1.261B,411.00M,6.548B,79.00M,12.36B,21.20B,0,10.31B,3.656B,8.828B,10.90B,5.172B,79.00M,1.733B,4.769B
HAL,2011-06,-237.00M,1.889B,4.709B,0,0,0.81,0.8,1.369B,14.24B,1.226B,2011-06,2.235B,739.00M,-63.00M,-63.00M,7.626B,0,3.824B,1.161B,1.554B,1.093B,352.00M,5.935B,65.00M,11.64B,19.96B,2.68B,9.54B,3.166B,8.298B,10.42B,5.132B,65.00M,1.554B,4.448B
