Ticker,Date,Accrued Comprehensive Inc,Cash and Short Term Investments,Cost of Goods Sold,Current Debt & Capital Lease Obligation,Current Deferred Liabilities,EPS Basic,EPS Diluted,Goodwill and Intangibles,Gross PP&E,Gross Profit,Income (Quarterly),Inventories,Net Income,Net Non-Operating Interest Income Expense,Net Operating Interest Income,Net PP&E,Non-Current Deferred Liabilities,Non-Current Portion of LTD and Capital Lease Obligation,Operating Income,Payables and Accrued Expenses,Pre-Tax Income,Provision for Income Taxes,Research and Development Expense,Revenue,SG&A Expense,Shareholders Equity,Total Assets,Total Capital Stock,Total Current Assets,Total Current Liabilities,Total Liabilities,Total Long Term Assets,Total Long Term Liabilities,Total Operating Expenses,Total Payables,Total Receivables
HAS,2020-12,-194.95M,1.450B,775.73M,439.20M,161.02M,0.77,0.76,5.223B,1.105B,947.24M,2020-12,395.63M,105.17M,-46.42M,-46.42M,489.04M,0,4.660B,238.94M,1.753B,138.47M,32.31M,84.66M,1.723B,467.78M,2.897B,10.82B,110.14M,3.847B,2.403B,7.882B,6.972B,5.478B,708.31M,600.75M,1.392B
HAS,2020-09,-280.33M,1.061B,787.04M,422.12M,147.55M,1.61,1.61,5.191B,1.024B,989.58M,2020-09,540.04M,220.90M,-48.69M,-48.69M,477.15M,0,4.778B,342.51M,1.704B,299.20M,79.22M,62.71M,1.777B,462.77M,2.774B,10.70B,110.14M,3.759B,2.316B,7.895B,6.944B,5.579B,647.07M,648.27M,1.438B
HAS,2020-06,-308.13M,966.12M,350.58M,427.35M,141.65M,-0.25,-0.25,5.225B,1.010B,509.70M,2020-06,564.17M,-33.92M,-48.55M,-48.55M,482.22M,0,4.803B,12.44M,1.365B,-43.73M,-10.83M,58.32M,860.28M,353.56M,2.604B,10.22B,110.14M,3.186B,1.982B,7.580B,7.036B,5.598B,497.26M,516.81M,911.32M
HAS,2020-03,-294.77M,1.152B,375.52M,73.85M,48.46M,-0.51,-0.51,5.188B,969.14M,730.05M,2020-03,444.41M,-69.64M,-50.06M,-50.06M,455.94M,0,5.156B,126.50M,1.665B,-71.88M,-4.072M,53.83M,1.106B,380.77M,2.729B,10.42B,110.14M,3.319B,1.739B,7.660B,7.106B,5.921B,603.56M,308.50M,963.82M
HAS,2019-12,-184.22M,4.580B,732.64M,0.503M,100.00M,2.02,2.01,1.141B,915.78M,695.37M,2019-12,446.10M,267.34M,-23.84M,-23.84M,382.25M,0,4.046B,190.38M,1.173B,298.76M,31.42M,72.91M,1.428B,392.78M,2.996B,8.856B,110.14M,6.748B,1.257B,5.860B,2.108B,4.603B,504.99M,503.71M,1.411B
HAS,2019-09,-185.38M,1.060B,755.13M,7.903M,0,1.68,1.67,1.143B,868.58M,820.05M,2019-09,589.13M,212.95M,-17.28M,-17.28M,371.88M,0,1.696B,297.21M,1.459B,259.75M,46.80M,67.35M,1.575B,415.64M,1.841B,5.555B,104.85M,3.413B,1.467B,3.714B,2.141B,2.247B,522.84M,501.14M,1.417B
HAS,2019-06,-173.18M,1.151B,414.76M,12.79M,0,0.11,0.11,1.156B,877.37M,569.78M,2019-06,564.77M,13.43M,-16.02M,-16.02M,387.37M,0,1.696B,128.33M,1.060B,6.108M,-7.325M,65.63M,984.54M,340.50M,1.716B,5.039B,104.85M,2.830B,1.073B,3.323B,2.209B,2.250B,441.45M,330.05M,805.29M
HAS,2019-03,-282.34M,1.197B,319.88M,13.41M,0,0.21,0.21,1.168B,879.82M,412.64M,2019-03,491.75M,26.73M,-14.63M,-14.63M,395.62M,0,1.695B,36.13M,935.32M,29.60M,2.868M,56.26M,732.51M,301.86M,1.655B,4.935B,104.85M,2.632B,948.72M,3.280B,2.303B,2.332B,376.51M,234.26M,638.42M
HAS,2018-12,-294.51M,1.182B,712.29M,9.74M,0,0.07,0.07,1.180B,719.18M,676.88M,2018-12,443.38M,8.766M,-17.30M,-17.30M,256.47M,0,1.695B,10.55M,1.088B,-5.128M,-13.89M,63.12M,1.389B,583.90M,1.754B,5.263B,104.85M,3.083B,1.274B,3.509B,2.180B,2.234B,666.33M,488.96M,1.188B
HAS,2018-09,-296.74M,907.11M,760.86M,20.31M,0,2.08,2.06,1.305B,707.15M,808.82M,2018-09,610.92M,263.86M,-18.11M,-18.11M,255.15M,0,1.695B,313.34M,1.302B,295.79M,31.93M,65.81M,1.570B,406.75M,1.887B,5.495B,104.85M,3.192B,1.322B,3.608B,2.303B,2.286B,495.49M,458.81M,1.391B
HAS,2018-06,-295.08M,1.159B,404.35M,20.12M,0,0.48,0.48,1.314B,710.40M,500.11M,2018-06,610.25M,60.30M,-16.50M,-16.50M,265.90M,0,1.694B,87.59M,1.032B,68.12M,7.825M,59.86M,904.46M,340.81M,1.767B,5.114B,104.85M,2.828B,1.052B,3.347B,2.286B,2.295B,412.52M,339.86M,739.27M
HAS,2018-03,-292.40M,1.599B,324.84M,21.61M,0,-0.9,-0.9,784.48M,699.02M,391.50M,2018-03,517.44M,-112.49M,-16.56M,-16.56M,262.42M,0,1.694B,-80.42M,830.92M,-88.39M,24.10M,57.38M,716.34M,396.02M,1.571B,4.729B,104.85M,3.022B,852.53M,3.158B,1.707B,2.305B,471.92M,256.43M,612.70M
HAS,2017-12,-239.42M,1.581B,751.46M,154.96M,0,-0.04,-0.04,790.44M,681.76M,844.66M,2017-12,433.29M,-5.298M,-18.40M,-18.40M,259.71M,0,1.694B,271.09M,1.086B,278.59M,283.88M,76.26M,1.596B,471.10M,1.830B,5.290B,104.85M,3.634B,1.252B,3.460B,1.656B,2.208B,573.57M,476.57M,1.405B
HAS,2017-09,-234.79M,1.245B,869.88M,189.01M,0,2.12,2.09,796.46M,680.86M,921.62M,2017-09,629.12M,265.58M,-19.71M,-19.71M,263.86M,0,1.693B,360.94M,1.296B,349.84M,84.26M,67.39M,1.792B,481.41M,1.956B,5.545B,104.85M,3.762B,1.485B,3.588B,1.782B,2.104B,560.68M,525.85M,1.656B
HAS,2017-06,-226.61M,1.434B,447.38M,536.78M,0,0.54,0.53,802.33M,677.17M,525.12M,2017-06,557.51M,67.72M,-19.11M,-19.11M,268.97M,0,1.199B,99.98M,935.47M,86.89M,19.16M,62.79M,972.51M,349.28M,1.832B,4.913B,104.85M,3.095B,1.472B,3.080B,1.818B,1.608B,425.14M,368.31M,846.55M
HAS,2017-03,-197.17M,1.463B,370.46M,415.11M,0,0.55,0.54,809.01M,662.92M,479.20M,2017-03,416.23M,68.60M,-18.89M,-18.89M,270.02M,0,1.199B,78.34M,786.71M,70.84M,2.238M,62.59M,849.66M,324.82M,1.852B,4.646B,104.85M,2.800B,1.202B,2.794B,1.846B,1.592B,400.86M,241.21M,676.94M
HAS,2016-12,-194.57M,1.282B,770.42M,522.30M,0,1.54,1.52,816.50M,651.11M,859.52M,2016-12,387.68M,192.72M,-22.24M,-22.24M,267.40M,0,1.199B,255.16M,1.096B,219.93M,39.33M,75.46M,1.630B,501.78M,1.863B,5.091B,104.85M,3.228B,1.618B,3.229B,1.864B,1.611B,604.36M,383.03M,1.320B
HAS,2016-09,-203.99M,830.37M,793.28M,528.28M,0,2.05,2.03,859.34M,630.73M,886.48M,2016-09,607.70M,257.80M,-22.36M,-22.36M,247.23M,0,1.198B,362.10M,1.087B,346.32M,90.16M,70.08M,1.680B,439.32M,1.742B,4.955B,104.85M,3.147B,1.616B,3.213B,1.808B,1.598B,524.38M,344.87M,1.453B
HAS,2016-06,-174.30M,924.10M,391.08M,5.40M,0,0.42,0.41,856.23M,617.91M,487.86M,2016-06,572.39M,52.11M,-21.60M,-21.60M,242.61M,0,1.548B,84.87M,739.62M,67.02M,17.60M,63.67M,878.94M,325.59M,1.613B,4.344B,104.85M,2.523B,745.02M,2.732B,1.821B,1.987B,402.99M,214.24M,703.82M
HAS,2016-03,-164.35M,1.096B,360.21M,89.00M,0,0.39,0.38,864.91M,606.85M,470.97M,2016-03,461.73M,48.75M,-21.83M,-21.83M,241.25M,0,1.547B,85.92M,679.37M,59.21M,12.24M,57.16M,831.18M,313.01M,1.607B,4.365B,104.85M,2.524B,768.37M,2.757B,1.841B,1.989B,385.06M,176.66M,670.66M
HAS,2015-12,-146.00M,976.75M,703.89M,164.56M,0,1.41,1.39,873.50M,601.13M,761.47M,2015-12,384.49M,175.76M,-23.45M,-23.45M,237.53M,0,1.547B,258.70M,900.08M,231.34M,56.94M,68.64M,1.465B,413.09M,1.664B,4.721B,104.85M,2.866B,1.065B,3.057B,1.855B,1.992B,502.77M,298.62M,1.218B
HAS,2015-09,-126.18M,551.29M,693.10M,113.97M,0,1.66,1.64,881.98M,577.76M,777.90M,2015-09,447.09M,207.60M,-23.37M,-23.37M,219.66M,0,1.560B,303.53M,936.53M,284.62M,78.24M,64.79M,1.471B,389.05M,1.543B,4.580B,104.85M,2.778B,1.050B,3.037B,1.802B,1.987B,474.37M,282.77M,1.390B
HAS,2015-06,-103.48M,858.46M,352.47M,167.88M,0,0.33,0.33,891.03M,585.21M,445.19M,2015-06,403.79M,41.81M,-23.50M,-23.50M,225.91M,0,1.560B,75.50M,638.03M,53.65M,13.36M,57.61M,797.66M,291.51M,1.429B,4.231B,104.85M,2.406B,805.90M,2.803B,1.825B,1.997B,369.69M,185.63M,709.44M
HAS,2015-03,-87.00M,1.081B,306.82M,231.91M,0,0.21,0.21,904.30M,754.29M,406.68M,2015-03,340.65M,26.67M,-23.66M,-23.66M,243.59M,0,1.560B,54.20M,588.81M,34.32M,8.494M,51.90M,713.50M,276.53M,1.446B,4.261B,104.85M,2.405B,820.73M,2.815B,1.856B,1.995B,352.47M,142.95M,563.30M
HAS,2014-12,-95.45M,893.17M,607.58M,252.48M,0,1.35,1.34,917.97M,746.09M,691.02M,2014-12,339.57M,169.91M,-22.64M,-22.64M,237.49M,0,1.546B,223.55M,819.20M,205.42M,36.60M,65.37M,1.299B,376.15M,1.466B,4.518B,104.85M,2.644B,1.072B,3.052B,1.875B,1.981B,467.47M,266.17M,1.095B
HAS,2014-09,-36.80M,452.18M,697.12M,78.02M,0,1.42,1.4,931.61M,741.72M,772.78M,2014-09,499.15M,180.46M,-23.96M,-23.96M,228.02M,0,1.560B,285.81M,936.00M,244.05M,63.90M,58.22M,1.470B,391.56M,1.499B,4.509B,104.85M,2.646B,1.014B,3.010B,1.863B,1.996B,486.97M,284.02M,1.314B
HAS,2014-06,-51.78M,586.15M,390.87M,9.188M,0,0.26,0.26,945.02M,749.08M,438.39M,2014-06,492.82M,33.48M,-21.64M,-21.64M,236.88M,0,1.560B,82.56M,715.50M,64.52M,31.70M,51.71M,829.26M,285.52M,1.452B,4.139B,104.85M,2.204B,724.69M,2.687B,1.934B,1.962B,355.83M,207.53M,738.90M
HAS,2014-03,-48.56M,792.25M,308.13M,439.21M,0,0.24,0.24,956.96M,746.80M,371.33M,2014-03,390.82M,32.09M,-21.10M,-21.10M,236.90M,0,959.90M,43.45M,654.51M,26.00M,-5.519M,47.26M,679.45M,262.56M,1.594B,4.029B,104.85M,2.142B,1.094B,2.435B,1.887B,1.341B,327.88M,169.17M,552.47M
HAS,2013-12,-34.14M,682.45M,631.53M,436.72M,0,0.99,0.98,970.32M,736.74M,650.24M,2013-12,348.79M,129.82M,-18.50M,-18.50M,236.26M,0,959.90M,183.67M,926.56M,161.33M,33.05M,53.14M,1.282B,359.26M,1.682B,4.402B,104.85M,2.480B,1.363B,2.720B,1.922B,1.357B,466.57M,198.80M,1.094B
HAS,2013-09,-78.72M,588.67M,712.53M,643.35M,0,0.97,0.96,1.008B,728.30M,657.82M,2013-09,447.11M,126.57M,-39.87M,-39.87M,231.20M,0,959.90M,198.71M,1.006B,155.91M,30.07M,59.37M,1.370B,367.53M,1.523B,4.590B,104.85M,2.597B,1.649B,3.067B,1.993B,1.418B,459.11M,263.09M,1.215B
HAS,2013-06,-77.87M,1.022B,350.80M,625.38M,0,0.28,0.28,867.98M,734.57M,415.54M,2013-06,359.97M,36.48M,-20.79M,-20.79M,237.77M,0,959.90M,74.09M,671.35M,51.08M,14.60M,47.90M,766.34M,271.20M,1.456B,4.178B,104.85M,2.366B,1.297B,2.722B,1.812B,1.426B,341.46M,199.78M,640.50M
HAS,2013-03,-68.17M,1.067B,316.96M,161.97M,0,-0.05,-0.05,879.97M,721.90M,346.73M,2013-03,323.75M,-6.671M,-21.50M,-21.50M,232.90M,0,1.394B,10.63M,579.70M,-16.49M,-9.822M,47.18M,663.69M,271.78M,1.463B,4.061B,104.85M,2.250B,741.67M,2.598B,1.810B,1.856B,336.10M,118.42M,509.28M
HAS,2012-12,-72.31M,849.70M,605.96M,224.36M,0,1,0.99,891.58M,711.93M,677.57M,2012-12,316.05M,130.30M,-21.67M,-21.67M,230.41M,0,1.396B,200.16M,736.07M,173.66M,43.36M,57.69M,1.284B,388.10M,1.507B,4.325B,104.85M,2.508B,960.44M,2.818B,1.817B,1.858B,477.42M,139.91M,1.030B
HAS,2012-09,-38.24M,696.73M,675.74M,264.74M,0,1.26,1.24,907.14M,698.24M,669.40M,2012-09,463.43M,164.85M,-21.77M,-21.77M,217.64M,0,1.399B,249.62M,861.87M,224.95M,60.10M,48.47M,1.345B,345.87M,1.527B,4.446B,104.85M,2.619B,1.127B,2.919B,1.827B,1.793B,419.78M,237.40M,1.196B
HAS,2012-06,-39.64M,779.93M,382.88M,220.60M,0,0.33,0.33,919.68M,695.38M,428.59M,2012-06,416.90M,43.43M,-20.72M,-20.72M,223.38M,0,1.400B,86.28M,618.09M,59.66M,16.23M,50.11M,811.47M,270.68M,1.399B,4.015B,104.85M,2.146B,838.69M,2.615B,1.869B,1.777B,342.31M,161.78M,651.41M
HAS,2012-03,-24.23M,883.82M,309.47M,171.18M,0,-0.02,-0.02,931.63M,689.02M,339.38M,2012-03,396.98M,-2.579M,-20.64M,-20.64M,222.82M,0,1.401B,15.73M,554.70M,-4.866M,-2.287M,44.93M,648.85M,264.94M,1.397B,3.897B,104.85M,2.019B,725.88M,2.500B,1.878B,1.774B,323.65M,129.52M,456.58M
HAS,2011-12,-35.94M,641.69M,696.02M,180.43M,0,1.06,1.04,942.08M,671.70M,633.32M,2011-12,333.99M,139.13M,-21.38M,-21.38M,218.02M,0,1.401B,216.58M,761.91M,189.14M,50.01M,47.35M,1.329B,337.40M,1.418B,4.131B,104.85M,2.254B,942.34M,2.713B,1.877B,1.771B,416.74M,187.45M,1.035B
HAS,2011-09,-14.96M,186.96M,708.78M,13.17M,0,1.29,1.27,954.86M,668.31M,667.03M,2011-09,518.87M,170.99M,-19.46M,-19.46M,220.41M,0,1.405B,248.07M,929.28M,221.46M,50.47M,49.50M,1.376B,350.53M,1.381B,4.085B,104.85M,2.210B,942.44M,2.703B,1.874B,1.761B,418.96M,246.46M,1.261B
HAS,2011-06,4.169M,584.78M,460.21M,12.43M,0,0.43,0.42,964.86M,688.99M,448.25M,2011-06,426.93M,58.05M,-21.38M,-21.38M,239.20M,0,1.403B,80.41M,694.10M,52.95M,-5.097M,54.96M,908.45M,295.16M,1.469B,3.941B,104.85M,2.046B,706.52M,2.472B,1.895B,1.766B,367.84M,172.09M,837.97M
HAS,2011-03,-1.763M,927.42M,310.47M,37.92M,0,0.12,0.12,965.25M,676.30M,361.51M,2011-03,401.31M,17.20M,-19.96M,-19.96M,238.40M,0,1.397B,48.92M,588.61M,22.84M,5.642M,45.82M,671.99M,252.96M,1.531B,3.940B,104.85M,2.061B,626.53M,2.409B,1.880B,1.783B,312.59M,142.88M,558.98M
