Ticker,Date,Accrued Comprehensive Inc,Cash and Short Term Investments,Cost of Goods Sold,Current Debt & Capital Lease Obligation,Current Deferred Liabilities,EPS Basic,EPS Diluted,Goodwill and Intangibles,Gross PP&E,Gross Profit,Income (Quarterly),Inventories,Net Income,Net Non-Operating Interest Income Expense,Net Operating Interest Income,Net PP&E,Non-Current Deferred Liabilities,Non-Current Portion of LTD and Capital Lease Obligation,Operating Income,Payables and Accrued Expenses,Pre-Tax Income,Provision for Income Taxes,Revenue,SG&A Expense,Shareholders Equity,Total Assets,Total Capital Stock,Total Current Assets,Total Current Liabilities,Total Liabilities,Total Long Term Assets,Total Long Term Liabilities,Total Operating Expenses,Total Payables,Total Receivables
HES,2020-12,-755.00M,1.739B,831.00M,91.00M,0,-0.316,-0.3179,360.00M,31.11B,490.00M,2020-12,378.00M,-97.00M,-118.00M,-118.00M,14.71B,342.00M,8.984B,67.00M,1.532B,45.00M,72.00M,1.321B,363.00M,5.366B,18.82B,307.00M,3.081B,1.623B,12.49B,15.74B,10.86B,423.00M,281.00M,860.00M
HES,2020-09,-363.00M,1.285B,860.00M,107.00M,0,-0.8,-0.8,360.00M,30.66B,299.00M,2020-09,422.00M,-243.00M,-118.00M,-118.00M,14.73B,316.00M,8.838B,-77.00M,1.319B,-178.00M,5.00M,1.159B,305.00M,5.916B,18.97B,307.00M,3.136B,1.426B,12.09B,15.83B,10.66B,376.00M,245.00M,699.00M
HES,2020-06,-187.00M,1.646B,819.00M,113.00M,0,-1.05,-1.05,360.00M,32.74B,14.00M,2020-06,360.00M,-320.00M,-119.00M,-119.00M,15.35B,319.00M,8.783B,-162.00M,1.451B,-272.00M,-9.00M,833.00M,145.00M,6.395B,19.55B,307.00M,3.115B,1.564B,12.18B,16.43B,10.62B,176.00M,341.00M,596.00M
HES,2020-03,239.00M,2.08B,906.00M,149.00M,0,-8,-8,360.00M,32.28B,448.00M,2020-03,230.00M,-2.433B,-113.00M,-113.00M,15.38B,328.00M,8.781B,-221.00M,1.798B,-2.445B,-79.00M,1.354B,480.00M,7.20B,20.72B,307.00M,4.27B,1.947B,12.54B,16.45B,10.59B,669.00M,464.00M,794.00M
HES,2019-12,-699.00M,1.545B,1.003B,199.00M,0,-0.728,-0.73,360.00M,36.57B,680.00M,2019-12,261.00M,-222.00M,-95.00M,-95.00M,17.56B,415.00M,7.733B,15.00M,2.311B,-64.00M,119.00M,1.683B,559.00M,8.732B,21.78B,305.00M,3.156B,2.51B,12.08B,18.63B,9.566B,665.00M,508.00M,1.17B
HES,2019-09,-776.00M,1.863B,912.00M,274.00M,0,-0.7,-0.7,360.00M,35.79B,668.00M,2019-09,289.00M,-212.00M,-90.00M,-90.00M,17.28B,411.00M,7.14B,105.00M,2.07B,-50.00M,116.00M,1.58B,513.00M,8.908B,21.63B,305.00M,3.398B,2.344B,11.45B,18.23B,9.11B,563.00M,500.00M,1.122B
HES,2019-06,-648.00M,2.208B,825.00M,343.00M,0,-0.02,-0.02,360.00M,35.04B,835.00M,2019-06,278.00M,-6.00M,-97.00M,-97.00M,17.04B,418.00M,7.152B,226.00M,1.989B,166.00M,132.00M,1.66B,566.00M,9.294B,21.70B,304.00M,3.684B,2.332B,11.16B,18.01B,8.832B,609.00M,448.00M,1.06B
HES,2019-03,-650.00M,2.30B,803.00M,414.00M,0,0.09,0.09,360.00M,34.49B,769.00M,2019-03,274.00M,32.00M,-98.00M,-98.00M,16.94B,420.00M,7.236B,240.00M,1.857B,169.00M,94.00M,1.572B,495.00M,9.342B,21.72B,304.00M,3.834B,2.271B,11.16B,17.88B,8.892B,529.00M,488.00M,1.116B
HES,2018-12,-306.00M,2.694B,868.00M,67.00M,0,-0.0549,-0.0549,360.00M,33.22B,782.00M,2018-12,245.00M,-4.00M,-99.00M,-99.00M,16.08B,421.00M,6.605B,128.00M,2.136B,61.00M,27.00M,1.65B,563.00M,9.629B,21.43B,292.00M,4.459B,2.203B,10.54B,16.97B,8.342B,654.00M,576.00M,1.001B
HES,2018-09,-502.00M,3.004B,802.00M,85.00M,0,-0.18,-0.18,360.00M,32.62B,991.00M,2018-09,263.00M,-42.00M,-99.00M,-99.00M,16.01B,425.00M,6.609B,188.00M,1.873B,124.00M,121.00M,1.793B,634.00M,9.65B,21.47B,297.00M,4.501B,1.958B,10.42B,16.97B,8.463B,803.00M,479.00M,1.182B
HES,2018-06,-522.00M,2.908B,774.00M,87.00M,0,-0.48,-0.48,360.00M,32.04B,760.00M,2018-06,231.00M,-130.00M,-98.00M,-98.00M,15.87B,424.00M,6.352B,119.00M,1.858B,27.00M,114.00M,1.534B,579.00M,9.972B,21.46B,301.00M,4.694B,1.945B,10.13B,16.77B,8.183B,641.00M,412.00M,1.075B
HES,2018-03,-571.00M,3.726B,744.00M,196.00M,0,-0.38,-0.38,360.00M,32.91B,602.00M,2018-03,239.00M,-106.00M,-103.00M,-103.00M,16.18B,425.00M,6.372B,94.00M,1.708B,8.00M,73.00M,1.346B,468.00M,10.60B,22.07B,309.00M,5.014B,1.904B,10.14B,17.06B,8.231B,508.00M,457.00M,997.00M
HES,2017-12,-686.00M,4.847B,1.035B,580.00M,0,-8.535,-13.12,360.00M,32.50B,628.00M,2017-12,232.00M,-2.677B,-80.00M,-80.00M,16.19B,429.00M,6.397B,-325.00M,1.855B,-2.477B,158.00M,1.663B,597.00M,11.05B,23.11B,316.00M,6.157B,2.435B,10.76B,16.96B,8.323B,953.00M,518.00M,1.024B
HES,2017-09,-1.472B,2.526B,1.139B,122.00M,0,-2.02,-2.02,360.00M,47.86B,209.00M,2017-09,372.00M,-624.00M,-79.00M,-79.00M,20.28B,584.00M,6.592B,-281.00M,2.092B,-2.567B,-1.974B,1.348B,449.00M,13.13B,26.60B,319.00M,4.083B,2.214B,12.17B,22.52B,9.958B,490.00M,522.00M,1.043B
HES,2017-06,-1.518B,2.492B,1.145B,121.00M,0,-1.46,-1.46,350.00M,47.06B,52.00M,2017-06,376.00M,-449.00M,-82.00M,-82.00M,22.79B,1.115B,6.612B,-348.00M,1.997B,-425.00M,-8.00M,1.197B,348.00M,13.78B,27.80B,319.00M,4.27B,2.118B,12.72B,23.53B,10.60B,400.00M,567.00M,938.00M
HES,2017-03,-1.667B,2.686B,1.326B,116.00M,0,-1.07,-1.07,375.00M,47.25B,-68.00M,2017-03,377.00M,-324.00M,-84.00M,-84.00M,23.20B,1.125B,6.669B,-221.00M,2.01B,-309.00M,-13.00M,1.258B,95.00M,14.15B,28.10B,319.00M,4.171B,2.126B,12.87B,23.93B,10.74B,153.00M,667.00M,912.00M
HES,2016-12,-1.704B,2.732B,1.734B,112.00M,0,-15.49,-15.65,375.00M,46.91B,-346.00M,2016-12,323.00M,-4.892B,-84.00M,-84.00M,23.60B,1.144B,6.694B,-1.483B,2.139B,-1.709B,3.189B,1.388B,104.00M,14.53B,28.62B,318.00M,4.276B,2.251B,13.03B,24.34B,10.78B,1.137B,530.00M,1.026B
HES,2016-09,-1.372B,3.529B,1.481B,666.00M,0,-1.12,-1.12,375.00M,48.42B,-304.00M,2016-09,403.00M,-339.00M,-84.00M,-84.00M,25.54B,1.214B,6.671B,-488.00M,1.951B,-633.00M,-316.00M,1.177B,106.00M,19.84B,34.46B,318.00M,4.893B,2.617B,13.54B,29.57B,10.93B,184.00M,518.00M,853.00M
HES,2016-06,-1.499B,3.095B,1.557B,102.00M,0,-1.29,-1.29,375.00M,47.91B,-333.00M,2016-06,377.00M,-392.00M,-85.00M,-85.00M,25.77B,1.227B,6.45B,-638.00M,2.037B,-678.00M,-305.00M,1.224B,106.00M,20.12B,34.23B,318.00M,4.631B,2.139B,13.06B,29.60B,10.92B,305.00M,616.00M,1.048B
HES,2016-03,-1.484B,3.557B,1.512B,94.00M,0,-1.72,-1.72,375.00M,47.69B,-539.00M,2016-03,416.00M,-509.00M,-85.00M,-85.00M,26.24B,1.32B,6.498B,-769.00M,2.099B,-834.00M,-346.00M,973.00M,98.00M,20.60B,34.81B,318.00M,4.945B,2.193B,13.17B,29.86B,10.98B,230.00M,439.00M,852.00M
HES,2015-12,-1.664B,2.716B,1.835B,86.00M,0,-6.366,-6.43,375.00M,46.83B,-361.00M,2015-12,399.00M,-1.821B,-86.00M,-86.00M,26.35B,1.334B,6.506B,-879.00M,2.542B,-2.283B,-492.00M,1.474B,140.00M,19.39B,34.16B,286.00M,4.404B,2.628B,13.76B,29.75B,11.13B,518.00M,545.00M,1.159B
HES,2015-09,-1.582B,3.013B,1.881B,78.00M,0,-0.98,-0.98,1.473B,48.14B,-210.00M,2015-09,535.00M,-279.00M,-84.00M,-84.00M,26.88B,1.618B,6.474B,-473.00M,2.546B,-539.00M,-300.00M,1.671B,119.00M,21.33B,36.46B,286.00M,5.597B,2.624B,14.09B,30.86B,11.47B,263.00M,616.00M,1.522B
HES,2015-06,-1.436B,931.00M,1.932B,69.00M,0,-1.99,-1.99,1.473B,47.88B,21.00M,2015-06,569.00M,-567.00M,-86.00M,-86.00M,27.30B,1.825B,5.888B,-220.00M,3.424B,-709.00M,-156.00M,1.953B,151.00M,21.10B,35.56B,287.00M,3.926B,3.493B,14.46B,31.63B,10.96B,241.00M,929.00M,1.794B
HES,2015-03,-1.504B,1.506B,1.776B,69.00M,0,-1.37,-1.37,1.858B,46.96B,-238.00M,2015-03,546.00M,-389.00M,-85.00M,-85.00M,27.21B,1.794B,5.911B,-654.00M,3.398B,-727.00M,-351.00M,1.538B,147.00M,21.67B,36.10B,287.00M,4.323B,3.467B,14.43B,31.78B,10.97B,416.00M,971.00M,1.711B
HES,2014-12,-1.41B,2.444B,1.935B,68.00M,0,-0.028,-0.03,1.858B,46.52B,622.00M,2014-12,527.00M,-8.00M,-82.00M,-82.00M,27.52B,1.838B,5.919B,287.00M,4.783B,176.00M,181.00M,2.557B,164.00M,22.20B,38.41B,286.00M,6.313B,4.851B,16.09B,32.09B,11.24B,335.00M,1.002B,2.073B
HES,2014-09,-487.00M,4.12B,1.841B,67.00M,0,3.35,3.31,1.858B,46.14B,837.00M,2014-09,817.00M,1.008B,-75.00M,-75.00M,27.67B,2.316B,5.929B,608.00M,4.948B,591.00M,232.00M,2.678B,139.00M,24.25B,40.98B,299.00M,8.865B,5.015B,16.61B,32.11B,11.60B,229.00M,1.994B,3.059B
HES,2014-06,-384.00M,2.205B,1.829B,124.00M,0,3.01,2.96,1.858B,45.16B,1.00B,2014-06,842.00M,931.00M,-85.00M,-85.00M,27.24B,2.416B,5.953B,397.00M,4.87B,1.066B,92.00M,2.829B,143.00M,24.26B,41.07B,308.00M,8.767B,5.257B,16.72B,32.30B,11.46B,603.00M,1.807B,2.698B
HES,2014-03,-276.00M,1.288B,1.647B,142.00M,0,1.21,1.2,1.984B,47.06B,1.026B,2014-03,1.055B,386.00M,-81.00M,-81.00M,29.17B,2.469B,5.434B,765.00M,5.646B,603.00M,239.00M,2.673B,142.00M,24.14B,41.42B,314.00M,7.048B,5.981B,17.18B,34.38B,11.20B,261.00M,2.645B,3.225B
HES,2013-12,-338.00M,1.814B,1.781B,378.00M,0,5.917,5.76,1.869B,45.95B,867.00M,2013-12,954.00M,1.925B,-97.00M,-97.00M,28.77B,2.292B,5.42B,292.00M,6.18B,291.00M,-627.00M,2.648B,117.00M,24.72B,42.75B,325.00M,8.599B,6.558B,17.97B,34.16B,11.41B,575.00M,2.629B,3.525B
HES,2013-09,-447.00M,321.00M,1.615B,791.00M,0,1.24,1.23,1.869B,43.12B,1.105B,2013-09,695.00M,420.00M,-86.00M,-86.00M,27.41B,2.257B,5.418B,772.00M,3.621B,680.00M,324.00M,2.72B,179.00M,23.77B,41.90B,338.00M,9.257B,6.923B,18.05B,32.64B,11.13B,333.00M,838.00M,1.777B
HES,2013-06,-419.00M,725.00M,1.642B,354.00M,0,4.21,4.16,1.869B,41.20B,1.427B,2013-06,683.00M,1.431B,-117.00M,-117.00M,26.17B,2.106B,5.446B,1.031B,3.715B,2.007B,407.00M,3.069B,196.00M,23.90B,41.43B,343.00M,9.992B,6.733B,17.46B,31.44B,10.72B,396.00M,923.00M,1.954B
HES,2013-03,-452.00M,444.00M,4.458B,1.904B,0,3.76,3.72,1.869B,40.26B,1.648B,2013-03,686.00M,1.276B,-106.00M,-106.00M,25.65B,2.21B,5.472B,1.046B,3.938B,1.594B,451.00M,6.106B,383.00M,22.42B,42.38B,343.00M,11.42B,8.906B,19.85B,30.96B,10.95B,602.00M,1.322B,1.84B
HES,2012-12,-493.00M,642.00M,1.792B,787.00M,0,1.657,1.657,2.208B,45.55B,1.161B,2012-12,1.259B,374.00M,-106.00M,-106.00M,28.81B,2.662B,7.324B,633.00M,7.056B,418.00M,199.00M,2.953B,166.00M,21.09B,43.44B,342.00M,8.387B,8.382B,22.24B,35.05B,13.86B,528.00M,3.769B,4.338B
HES,2012-09,-675.00M,528.00M,1.799B,621.00M,0,1.65,1.64,2.208B,44.27B,1.273B,2012-09,1.218B,557.00M,-104.00M,-104.00M,28.14B,2.696B,7.22B,880.00M,7.227B,990.00M,480.00M,3.072B,134.00M,20.54B,42.21B,342.00M,8.157B,7.848B,21.56B,34.06B,13.71B,393.00M,3.322B,4.244B
HES,2012-06,-779.00M,409.00M,1.755B,299.00M,0,1.62,1.61,2.266B,42.13B,1.569B,2012-06,1.309B,549.00M,-105.00M,-105.00M,26.56B,2.654B,7.546B,1.229B,6.785B,1.062B,522.00M,3.324B,144.00M,19.89B,40.61B,342.00M,7.925B,7.084B,20.66B,32.69B,13.57B,340.00M,3.407B,4.508B
HES,2012-03,-1.057B,396.00M,1.605B,38.00M,0,1.61,1.6,2.293B,41.59B,1.291B,2012-03,1.411B,545.00M,-104.00M,-104.00M,26.05B,2.908B,6.94B,906.00M,8.153B,867.00M,328.00M,2.896B,132.00M,19.06B,40.65B,342.00M,8.212B,8.191B,21.49B,32.44B,13.30B,385.00M,5.069B,4.984B
HES,2011-12,-1.067B,351.00M,-6.548B,52.00M,0,-0.4,-0.4,2.305B,39.71B,-734.00M,2011-12,1.423B,-131.00M,-93.00M,-93.00M,24.71B,2.843B,6.005B,583.00M,8.048B,-419.00M,-140.00M,-7.282B,116.00M,18.52B,39.14B,340.00M,8.339B,8.10B,20.54B,30.80B,12.44B,-1.317B,4.524B,5.011B
HES,2011-09,-867.00M,827.00M,6.79B,44.00M,0,0.89,0.88,2.383B,40.43B,1.875B,2011-09,1.516B,298.00M,-94.00M,-94.00M,24.17B,3.157B,5.548B,604.00M,6.562B,213.00M,-54.00M,8.665B,443.00M,18.83B,37.34B,340.00M,7.479B,6.606B,18.42B,29.86B,11.82B,1.271B,4.304B,4.163B
HES,2011-06,-662.00M,2.194B,7.44B,35.00M,0,1.8,1.78,2.388B,38.38B,2.413B,2011-06,1.432B,607.00M,-97.00M,-97.00M,22.53B,3.369B,5.506B,1.105B,6.761B,961.00M,392.00M,9.853B,421.00M,18.78B,36.99B,340.00M,8.886B,6.796B,18.09B,28.10B,11.29B,1.308B,4.61B,4.453B
HES,2011-03,-873.00M,1.968B,7.571B,35.00M,0,2.77,2.74,2.394B,37.03B,2.644B,2011-03,1.552B,929.00M,-99.00M,-99.00M,21.76B,3.21B,5.517B,1.284B,7.316B,1.485B,511.00M,10.22B,447.00M,17.95B,36.64B,340.00M,9.436B,7.351B,18.52B,27.20B,11.17B,1.36B,5.217B,5.157B
