Ticker,Date,Accrued Comprehensive Inc,Cash and Short Term Investments,Cost of Goods Sold,Current Debt & Capital Lease Obligation,Current Deferred Liabilities,EPS Basic,EPS Diluted,Goodwill and Intangibles,Gross PP&E,Gross Profit,Income (Quarterly),Inventories,Net Income,Net Non-Operating Interest Income Expense,Net Operating Interest Income,Net PP&E,Non-Current Deferred Liabilities,Non-Current Portion of LTD and Capital Lease Obligation,Operating Income,Payables and Accrued Expenses,Pre-Tax Income,Provision for Income Taxes,Revenue,SG&A Expense,Shareholders Equity,Total Assets,Total Capital Stock,Total Current Assets,Total Current Liabilities,Total Liabilities,Total Long Term Assets,Total Long Term Liabilities,Total Operating Expenses,Total Payables,Total Receivables
HON,2021-03,-3.184B,12.66B,5.709B,5.203B,2.932B,2.05,2.03,20.78B,14.34B,2.745B,2021-03,4.607B,1.427B,-71.00M,-71.00M,5.547B,2.309B,16.12B,1.509B,12.75B,1.861B,413.00M,8.454B,1.236B,17.99B,63.56B,958.00M,25.59B,17.95B,45.31B,37.97B,27.36B,1.236B,5.792B,6.675B
HON,2020-12,-3.377B,15.22B,5.976B,6.229B,2.49B,1.94,1.91,19.62B,13.71B,2.924B,2020-12,4.489B,1.359B,-74.00M,-74.00M,5.57B,3.469B,16.98B,1.676B,8.084B,1.71B,331.00M,8.90B,1.248B,17.55B,64.59B,958.00M,28.18B,19.20B,46.80B,36.41B,27.60B,1.248B,6.338B,6.827B
HON,2020-09,-3.436B,15.01B,5.383B,4.535B,2.403B,1.08,1.07,19.16B,13.41B,2.414B,2020-09,4.705B,758.00M,-81.00M,-81.00M,5.419B,1.474B,17.69B,1.311B,12.65B,1.148B,367.00M,7.797B,1.103B,18.07B,63.46B,958.00M,28.20B,17.18B,45.15B,35.26B,27.96B,1.103B,5.27B,6.878B
HON,2020-06,-3.31B,15.13B,5.276B,4.498B,0,1.54,1.53,19.07B,0,2.201B,2020-06,4.753B,1.081B,-68.00M,-68.00M,5.327B,1.461B,17.59B,1.018B,12.84B,1.219B,120.00M,7.477B,1.183B,18.15B,63.60B,958.00M,28.32B,17.34B,45.24B,35.28B,27.90B,1.183B,5.366B,6.717B
HON,2020-03,-3.353B,8.791B,5.534B,4.57B,0,2.23,2.21,18.86B,0,2.929B,2020-03,4.584B,1.581B,-29.00M,-29.00M,5.214B,1.67B,11.54B,1.691B,12.81B,1.935B,329.00M,8.463B,1.238B,17.64B,57.42B,958.00M,22.61B,17.38B,39.56B,34.81B,22.18B,1.238B,5.676B,7.452B
HON,2019-12,-3.197B,10.42B,6.328B,5.063B,0,2.19,2.16,19.30B,0,3.168B,2019-12,4.421B,1.562B,-30.00M,-30.00M,5.325B,2.98B,11.64B,1.695B,8.198B,1.768B,178.00M,9.496B,1.473B,18.49B,58.68B,958.00M,24.30B,18.10B,39.97B,34.38B,21.88B,1.473B,6.222B,7.493B
HON,2019-09,-3.295B,12.36B,6.038B,7.51B,0,2.26,2.23,19.21B,0,3.048B,2019-09,4.601B,1.624B,-32.00M,-32.00M,5.24B,1.366B,11.10B,1.752B,12.40B,1.967B,319.00M,9.086B,1.296B,18.11B,60.10B,958.00M,26.19B,19.92B,41.80B,33.92B,21.88B,1.296B,5.522B,7.583B
HON,2019-06,-3.453B,9.943B,6.094B,7.575B,0,2.13,2.1,19.51B,0,3.149B,2019-06,4.60B,1.541B,-22.00M,-22.00M,5.26B,1.722B,8.608B,1.762B,12.32B,1.982B,426.00M,9.243B,1.387B,17.87B,57.75B,958.00M,23.77B,19.89B,39.69B,33.98B,19.80B,1.387B,5.602B,7.407B
HON,2019-03,-3.245B,10.68B,5.879B,7.514B,0,1.94,1.92,19.59B,0,3.005B,2019-03,4.548B,1.416B,-18.00M,-18.00M,5.276B,1.85B,8.598B,1.642B,12.08B,1.842B,406.00M,8.884B,1.363B,18.77B,58.56B,958.00M,24.33B,19.59B,39.60B,34.23B,20.01B,1.363B,5.582B,7.307B
HON,2018-12,-3.437B,10.91B,6.685B,6.458B,0,2.34,2.31,19.68B,0,3.044B,2018-12,4.326B,1.721B,-27.00M,-27.00M,5.296B,2.977B,9.756B,1.52B,7.931B,1.72B,-20.00M,9.729B,1.524B,18.18B,57.77B,958.00M,24.36B,18.92B,39.42B,33.41B,20.49B,1.524B,6.007B,7.508B
HON,2018-09,-2.125B,11.65B,7.556B,4.192B,2.198B,3.15,3.11,22.39B,15.19B,3.206B,2018-09,5.061B,2.338B,-44.00M,-44.00M,5.966B,1.905B,14.06B,1.682B,13.71B,1.858B,-498.00M,10.76B,1.524B,18.24B,61.93B,958.00M,26.63B,17.90B,43.51B,35.30B,25.61B,1.524B,7.05B,8.568B
HON,2018-06,-2.222B,9.85B,7.614B,4.58B,2.151B,1.7,1.68,22.40B,14.51B,3.305B,2018-06,4.792B,1.267B,-46.00M,-46.00M,5.968B,2.751B,12.50B,1.777B,13.44B,1.998B,718.00M,10.92B,1.528B,17.60B,59.86B,958.00M,24.78B,18.02B,42.09B,35.08B,24.07B,1.528B,6.808B,8.60B
HON,2018-03,-2.174B,10.28B,7.191B,5.549B,0,1.92,1.89,22.98B,14.61B,3.201B,2018-03,4.766B,1.439B,-33.00M,-33.00M,6.083B,2.782B,12.74B,1.726B,13.21B,1.911B,459.00M,10.39B,1.475B,17.60B,60.95B,958.00M,25.59B,18.76B,43.17B,35.36B,24.42B,1.475B,6.641B,8.778B
HON,2017-12,-2.235B,10.82B,7.54B,5.309B,0,-3.18,-3.18,22.77B,0,3.303B,2017-12,4.613B,-2.519B,-36.00M,-36.00M,5.926B,2.74B,12.57B,1.619B,9.051B,1.667B,4.174B,10.84B,1.684B,16.50B,59.47B,958.00M,26.00B,18.86B,42.80B,33.47B,23.94B,1.684B,6.995B,8.866B
HON,2017-09,-2.84B,10.17B,7.054B,5.33B,0,1.76,1.74,22.86B,0,3.067B,2017-09,4.751B,1.345B,-42.00M,-42.00M,5.757B,300.00M,11.45B,1.543B,12.90B,1.778B,416.00M,10.12B,1.524B,21.07B,56.77B,958.00M,24.64B,18.22B,35.54B,32.12B,17.32B,1.524B,6.061B,8.587B
HON,2017-06,-2.837B,9.821B,7.024B,5.181B,0,1.82,1.8,22.60B,0,3.054B,2017-06,4.651B,1.392B,-43.00M,-43.00M,5.718B,329.00M,11.33B,1.598B,12.80B,1.778B,378.00M,10.08B,1.456B,20.42B,55.67B,958.00M,24.06B,17.98B,35.12B,31.60B,17.14B,1.456B,5.971B,8.442B
HON,2017-03,-2.562B,9.595B,6.529B,4.686B,0,1.74,1.71,22.42B,0,2.963B,2017-03,4.652B,1.326B,-44.00M,-44.00M,5.816B,414.00M,11.18B,1.541B,12.60B,1.724B,392.00M,9.492B,1.422B,20.32B,54.78B,958.00M,23.58B,17.28B,34.30B,31.20B,17.02B,1.422B,5.805B,8.155B
HON,2016-12,-2.714B,9.363B,7.406B,3.593B,0,1.36,1.34,22.34B,0,2.579B,2016-12,4.366B,1.037B,20.00M,20.00M,5.793B,567.00M,12.18B,981.00M,7.949B,1.437B,389.00M,9.985B,1.598B,19.37B,54.15B,958.00M,23.06B,16.33B,34.60B,31.09B,18.27B,1.598B,6.41B,8.177B
HON,2016-09,-2.482B,6.431B,6.903B,6.25B,0,1.62,1.6,22.69B,0,2.901B,2016-09,4.587B,1.24B,-82.00M,-82.00M,5.725B,701.00M,9.608B,1.534B,11.96B,1.632B,384.00M,9.804B,1.367B,19.19B,53.56B,958.00M,21.83B,18.21B,34.18B,31.72B,15.97B,1.367B,5.418B,8.627B
HON,2016-06,-2.499B,5.045B,6.821B,4.406B,0,1.73,1.7,21.24B,0,3.17B,2016-06,4.678B,1.319B,-85.00M,-85.00M,6.086B,767.00M,9.607B,1.841B,11.50B,1.755B,428.00M,9.991B,1.329B,18.77B,51.18B,958.00M,20.38B,15.91B,32.24B,30.80B,16.33B,1.329B,5.598B,8.73B
HON,2016-03,-2.455B,4.473B,6.547B,4.257B,1.863B,1.58,1.56,21.41B,14.91B,2.975B,2016-03,4.743B,1.216B,-85.00M,-85.00M,6.027B,626.00M,9.70B,1.695B,11.40B,1.628B,402.00M,9.522B,1.28B,18.20B,50.36B,958.00M,19.53B,15.66B,31.99B,30.83B,16.33B,1.28B,5.511B,8.397B
HON,2015-12,-2.535B,5.455B,6.917B,6.514B,2.094B,1.55,1.53,20.47B,14.50B,3.065B,2015-12,4.42B,1.194B,20.00M,20.00M,5.789B,657.00M,5.554B,1.733B,7.634B,1.653B,450.00M,9.982B,1.332B,18.28B,49.32B,958.00M,20.05B,18.37B,30.90B,29.26B,12.53B,1.332B,6.047B,8.075B
HON,2015-09,-2.373B,6.563B,6.654B,4.968B,2.172B,1.62,1.6,14.76B,14.62B,2.957B,2015-09,4.441B,1.264B,-72.00M,-72.00M,5.451B,499.00M,5.599B,1.755B,11.40B,1.707B,431.00M,9.611B,1.202B,17.76B,46.62B,958.00M,23.48B,16.37B,28.73B,23.15B,12.36B,1.202B,5.363B,7.936B
HON,2015-06,-1.969B,5.954B,6.814B,4.157B,0,1.52,1.51,14.90B,0,2.961B,2015-06,4.447B,1.194B,-77.00M,-77.00M,5.381B,300.00M,5.562B,1.719B,11.42B,1.662B,440.00M,9.775B,1.242B,18.46B,46.41B,958.00M,23.18B,15.57B,27.82B,23.23B,12.24B,1.242B,5.352B,8.237B
HON,2015-03,-2.099B,6.575B,6.362B,4.046B,0,1.42,1.41,14.88B,0,2.851B,2015-03,4.507B,1.116B,-77.00M,-77.00M,5.30B,210.00M,5.661B,1.621B,11.39B,1.564B,418.00M,9.213B,1.23B,17.54B,45.36B,958.00M,22.27B,15.43B,27.68B,23.08B,12.25B,1.23B,5.263B,8.158B
HON,2014-12,-1.459B,6.959B,7.566B,2.637B,0,1.22,1.2,15.00B,0,2.70B,2014-12,4.405B,956.00M,20.00M,20.00M,5.383B,329.00M,6.046B,1.24B,7.604B,1.304B,329.00M,10.27B,1.46B,17.66B,45.45B,958.00M,22.19B,14.77B,27.67B,23.26B,12.89B,1.46B,5.869B,7.96B
HON,2014-09,281.00M,6.428B,7.128B,2.129B,0,1.49,1.47,15.21B,0,2.98B,2014-09,4.485B,1.167B,-77.00M,-77.00M,5.189B,891.00M,6.76B,1.636B,11.82B,1.58B,388.00M,10.11B,1.344B,18.94B,46.18B,958.00M,22.36B,13.95B,27.12B,23.82B,13.17B,1.344B,5.212B,8.315B
HON,2014-06,837.00M,6.582B,7.296B,2.405B,0,1.4,1.38,15.43B,0,2.957B,2014-06,4.511B,1.099B,-80.00M,-80.00M,5.316B,795.00M,6.839B,1.582B,11.92B,1.523B,397.00M,10.25B,1.375B,18.70B,46.60B,958.00M,22.45B,14.32B,27.78B,24.14B,13.46B,1.375B,5.276B,8.35B
HON,2014-03,748.00M,6.672B,6.967B,2.552B,0,1.3,1.28,15.47B,0,2.712B,2014-03,4.407B,1.017B,-79.00M,-79.00M,5.284B,757.00M,6.804B,1.373B,11.80B,1.411B,375.00M,9.679B,1.339B,17.93B,45.78B,958.00M,21.53B,14.35B,27.73B,24.25B,13.38B,1.339B,5.133B,8.081B
HON,2013-12,818.00M,6.422B,7.612B,2.028B,0,1.2,1.19,15.56B,0,2.775B,2013-12,4.293B,947.00M,-61.00M,-61.00M,5.278B,848.00M,6.801B,1.337B,7.387B,1.439B,475.00M,10.39B,1.438B,17.47B,45.44B,958.00M,21.16B,14.18B,27.86B,24.27B,13.68B,1.438B,5.663B,7.929B
HON,2013-09,-1.211B,5.499B,6.942B,2.819B,2.127B,1.26,1.24,15.82B,14.03B,2.705B,2013-09,4.455B,990.00M,-65.00M,-65.00M,5.107B,719.00M,5.789B,1.463B,11.84B,1.384B,377.00M,9.647B,1.242B,14.96B,44.41B,958.00M,19.30B,14.66B,29.33B,25.10B,14.67B,1.242B,4.791B,7.95B
HON,2013-06,-1.767B,4.549B,7.027B,1.923B,1.914B,1.3,1.28,15.03B,13.72B,2.666B,2013-06,4.295B,1.021B,-65.00M,-65.00M,4.997B,643.00M,5.779B,1.385B,11.56B,1.329B,307.00M,9.693B,1.281B,13.78B,42.17B,958.00M,17.85B,13.48B,28.31B,24.32B,14.83B,1.281B,4.718B,7.655B
HON,2013-03,-1.656B,4.539B,6.783B,1.912B,0,1.23,1.21,14.77B,0,2.545B,2013-03,4.297B,966.00M,-67.00M,-67.00M,4.948B,683.00M,5.787B,1.316B,11.20B,1.26B,291.00M,9.328B,1.229B,13.44B,41.80B,958.00M,17.68B,13.11B,28.27B,24.12B,15.16B,1.229B,4.444B,7.585B
HON,2012-12,-1.339B,4.634B,7.681B,1.101B,0,0.32,0.32,14.87B,0,1.90B,2012-12,4.235B,251.00M,-71.00M,-71.00M,5.001B,675.00M,6.395B,377.00M,7.211B,306.00M,51.00M,9.581B,1.523B,12.98B,41.85B,958.00M,17.60B,13.04B,28.79B,24.26B,15.74B,1.523B,5.516B,7.429B
HON,2012-09,-1.294B,4.76B,6.808B,1.598B,0,1.21,1.2,14.20B,0,2.534B,2012-09,4.314B,950.00M,-74.00M,-74.00M,4.83B,679.00M,6.391B,1.296B,11.12B,1.224B,278.00M,9.342B,1.238B,13.13B,41.07B,958.00M,17.75B,12.71B,27.86B,23.33B,15.14B,1.238B,4.518B,7.388B
HON,2012-06,-1.637B,4.221B,6.922B,1.633B,0,1.15,1.14,14.16B,0,2.513B,2012-06,4.117B,902.00M,-73.00M,-73.00M,4.735B,681.00M,6.342B,1.287B,11.18B,1.223B,318.00M,9.435B,1.226B,11.99B,40.17B,958.00M,16.64B,12.81B,28.09B,23.53B,15.28B,1.226B,4.547B,7.475B
HON,2012-03,-1.182B,3.988B,6.88B,1.632B,0,1.06,1.04,14.33B,0,2.427B,2012-03,4.368B,823.00M,-75.00M,-75.00M,4.814B,707.00M,6.269B,1.196B,11.03B,1.122B,297.00M,9.307B,1.231B,11.74B,40.37B,958.00M,16.55B,12.67B,28.53B,23.82B,15.86B,1.231B,4.535B,7.268B
HON,2011-12,-1.444B,3.698B,8.435B,674.00M,0,-0.4,-0.4,14.34B,0,1.038B,2011-12,4.264B,-310.00M,-75.00M,-75.00M,4.804B,753.00M,6.881B,-578.00M,7.225B,-657.00M,-350.00M,9.473B,1.616B,10.81B,39.81B,958.00M,16.13B,12.28B,28.91B,23.67B,16.63B,1.616B,5.289B,7.228B
HON,2011-09,-1.122B,3.885B,7.033B,1.275B,0,1.11,1.1,14.02B,0,2.265B,2011-09,4.369B,862.00M,-75.00M,-75.00M,4.725B,505.00M,6.88B,962.00M,11.58B,893.00M,207.00M,9.298B,1.303B,11.66B,39.44B,958.00M,17.04B,12.86B,27.68B,22.40B,14.82B,1.303B,4.57B,7.316B
HON,2011-06,-536.00M,3.548B,6.664B,932.00M,0,1.03,1.02,13.84B,0,2.422B,2011-06,4.197B,810.00M,-82.00M,-82.00M,4.718B,661.00M,6.79B,1.174B,11.00B,1.10B,304.00M,9.086B,1.248B,12.07B,39.65B,958.00M,17.39B,12.11B,27.47B,22.26B,15.36B,1.248B,4.442B,7.344B
