Ticker,Date,Accrued Comprehensive Inc,Cash and Short Term Investments,Cost of Goods Sold,Current Debt & Capital Lease Obligation,Current Deferred Liabilities,EPS Basic,EPS Diluted,Goodwill and Intangibles,Gross PP&E,Gross Profit,Income (Quarterly),Inventories,Net Income,Net Non-Operating Interest Income Expense,Net Operating Interest Income,Net PP&E,Non-Current Deferred Liabilities,Non-Current Portion of LTD and Capital Lease Obligation,Operating Income,Payables and Accrued Expenses,Pre-Tax Income,Provision for Income Taxes,Revenue,SG&A Expense,Shareholders Equity,Total Assets,Total Capital Stock,Total Current Assets,Total Current Liabilities,Total Liabilities,Total Long Term Assets,Total Long Term Liabilities,Total Operating Expenses,Total Payables,Total Receivables
HRL,2021-01,-360.87M,1.769B,2.011B,258.69M,0,0.41,0.41,3.691B,3.802B,450.17M,2021-01,1.087B,222.28M,9.064M,9.064M,1.898B,224.48M,1.043B,253.79M,925.95M,277.08M,54.69M,2.461B,196.38M,6.551B,9.958B,7.908M,3.602B,1.417B,3.402B,6.356B,1.985B,196.38M,604.42M,715.65M
HRL,2020-10,-395.25M,1.732B,1.962B,258.69M,0,0.43,0.43,3.689B,3.767B,457.76M,2020-10,1.073B,234.36M,2.036M,2.036M,1.898B,218.78M,1.045B,266.97M,967.36M,278.73M,44.21M,2.420B,190.80M,6.426B,9.908B,7.909M,3.579B,1.504B,3.478B,6.329B,1.974B,190.80M,667.09M,743.87M
HRL,2020-07,-431.88M,1.747B,1.959B,258.69M,0,0.38,0.37,3.696B,3.637B,422.43M,2020-07,982.36M,203.12M,9.789M,9.789M,1.800B,170.32M,1.047B,241.34M,925.66M,259.36M,56.10M,2.381B,181.08M,6.267B,9.600B,7.902M,3.410B,1.427B,3.329B,6.191B,1.902B,181.08M,587.27M,649.56M
HRL,2020-04,-447.91M,622.91M,1.945B,258.30M,0,0.42,0.42,3.707B,3.549B,477.35M,2020-04,1.049B,227.73M,-6.971M,-6.971M,1.750B,165.25M,56.86M,283.44M,861.63M,286.49M,58.87M,2.422B,193.91M,6.162B,8.395B,7.896M,2.249B,1.325B,2.229B,6.146B,904.38M,193.91M,556.90M,536.35M
HRL,2020-01,-393.28M,739.23M,1.916B,8.259M,0,0.45,0.45,3.516B,3.459B,468.42M,2020-01,1.057B,242.87M,9.674M,9.674M,1.695B,176.11M,308.97M,272.90M,822.78M,290.16M,47.21M,2.384B,195.52M,6.092B,8.290B,7.873M,2.395B,1.023B,2.194B,5.895B,1.171B,195.52M,520.53M,562.67M
HRL,2019-10,-399.50M,687.64M,2.008B,374.88M,0,0.48,0.47,3.516B,3.355B,493.72M,2019-10,1.042B,255.50M,2.698M,2.698M,1.629B,176.57M,250.00M,309.93M,867.26M,323.69M,68.13M,2.502B,183.80M,5.921B,8.109B,7.83M,2.361B,1.105B,2.183B,5.748B,1.078B,183.80M,596.24M,594.32M
HRL,2019-07,-275.20M,574.26M,1.857B,0,0,0.37,0.37,3.525B,3.215B,433.44M,2019-07,1.109B,199.45M,4.343M,4.343M,1.516B,145.15M,250.00M,253.27M,854.52M,261.00M,61.57M,2.291B,180.17M,5.887B,7.955B,7.818M,2.246B,1.073B,2.063B,5.709B,990.15M,180.17M,547.75M,529.25M
HRL,2019-04,-278.14M,646.00M,1.876B,0,0,0.53,0.52,3.527B,3.172B,469.15M,2019-04,1.031B,282.43M,5.682M,5.682M,1.495B,142.43M,250.00M,299.07M,844.02M,318.05M,35.41M,2.345B,170.08M,5.897B,7.936B,7.854M,2.251B,1.052B,2.034B,5.685B,982.28M,170.08M,545.83M,537.74M
HRL,2019-01,-292.34M,512.69M,1.872B,0,0,0.45,0.44,3.922B,3.130B,488.33M,2019-01,994.43M,241.42M,0.727M,0.727M,1.484B,179.67M,250.00M,294.79M,875.48M,306.98M,65.46M,2.360B,193.54M,5.702B,8.155B,7.826M,2.101B,1.436B,2.450B,6.055B,1.014B,193.54M,569.41M,565.21M
HRL,2018-10,-243.50M,459.14M,1.991B,0,0,0.49,0.48,3.921B,3.202B,533.33M,2018-10,963.53M,261.41M,1.928M,1.928M,1.513B,197.09M,624.84M,328.04M,889.58M,321.50M,60.01M,2.525B,205.29M,5.601B,8.142B,7.825M,2.050B,1.139B,2.537B,6.092B,1.399B,205.29M,621.32M,604.43M
HRL,2018-07,-259.21M,268.98M,1.904B,95.00M,0,0.4,0.39,3.971B,3.074B,455.05M,2018-07,1.001B,210.24M,1.042M,1.042M,1.410B,139.19M,624.80M,243.55M,773.19M,257.73M,47.38M,2.359B,211.50M,5.392B,7.895B,7.781M,1.854B,1.097B,2.500B,6.041B,1.403B,211.50M,491.35M,563.82M
HRL,2018-04,-235.75M,261.57M,1.838B,185.00M,0,0.45,0.44,3.983B,2.987B,492.80M,2018-04,1.011B,237.38M,-4.857M,-4.857M,1.354B,125.42M,624.76M,288.25M,757.63M,296.88M,59.36M,2.331B,204.55M,5.287B,7.830B,7.766M,1.851B,1.148B,2.538B,5.979B,1.390B,204.55M,467.00M,554.32M
HRL,2018-01,-242.18M,385.78M,1.833B,255.00M,0,0.57,0.56,3.981B,2.893B,498.30M,2018-01,973.22M,303.11M,3.21M,3.21M,1.293B,114.69M,624.73M,278.42M,881.09M,305.16M,1.954M,2.331B,219.87M,5.151B,7.859B,7.764M,1.948B,1.324B,2.703B,5.911B,1.380B,219.87M,579.08M,569.28M
HRL,2017-10,-248.08M,444.12M,1.988B,145.00M,0,0.41,0.41,3.147B,2.777B,505.03M,2017-10,921.02M,218.15M,4.366M,4.366M,1.203B,98.41M,250.00M,313.61M,822.06M,330.01M,111.65M,2.493B,191.42M,4.936B,6.976B,7.741M,2.027B,1.058B,2.036B,4.949B,978.00M,191.42M,553.24M,640.70M
HRL,2017-07,-291.96M,633.34M,1.755B,0,0,0.35,0.34,2.705B,2.622B,452.41M,2017-07,1.013B,182.51M,-1.681M,-1.681M,1.054B,9.571M,250.00M,275.75M,664.60M,278.02M,95.47M,2.207B,176.66M,4.750B,6.508B,7.732M,2.217B,877.77M,1.755B,4.291B,877.01M,176.66M,423.16M,549.01M
HRL,2017-04,-299.15M,548.90M,1.700B,0,0,0.4,0.39,2.707B,2.589B,486.92M,2017-04,988.41M,210.93M,-0.205M,-0.205M,1.044B,7.52M,250.00M,305.91M,628.24M,315.83M,104.94M,2.187B,181.01M,4.683B,6.386B,7.743M,2.126B,824.59M,1.699B,4.260B,874.69M,181.01M,374.03M,567.35M
HRL,2017-01,-302.14M,609.82M,1.728B,0,0,0.44,0.44,2.709B,2.558B,552.28M,2017-01,958.13M,235.15M,-0.577M,-0.577M,1.035B,6.236M,250.00M,342.06M,739.71M,354.78M,119.48M,2.280B,210.22M,4.572B,6.366B,7.747M,2.120B,919.76M,1.791B,4.247B,871.34M,210.22M,452.73M,530.85M
HRL,2016-10,-296.30M,415.14M,2.029B,0,0,0.46,0.45,2.738B,2.767B,598.52M,2016-10,985.68M,243.94M,-1.017M,-1.017M,1.105B,0,250.00M,354.51M,765.15M,364.73M,120.54M,2.628B,244.01M,4.448B,6.370B,7.742M,2.030B,1.053B,1.919B,4.340B,865.46M,244.01M,486.16M,609.59M
HRL,2016-07,-224.36M,379.60M,1.827B,0,0,0.37,0.36,2.737B,2.695B,475.28M,2016-07,1.034B,195.65M,-0.673M,-0.673M,1.053B,0,250.00M,268.41M,730.80M,274.12M,78.34M,2.302B,206.88M,4.391B,6.388B,7.752M,2.010B,1.129B,1.994B,4.378B,865.62M,206.88M,421.89M,571.94M
HRL,2016-04,-225.67M,379.88M,1.774B,0,0,0.41,0.4,2.522B,2.732B,526.36M,2016-04,1.027B,215.40M,0.38M,0.38M,1.049B,0,250.00M,315.22M,704.40M,324.20M,108.81M,2.300B,211.14M,4.306B,6.110B,7.765M,1.975B,937.38M,1.801B,4.135B,863.32M,211.14M,399.51M,548.50M
HRL,2016-01,-227.74M,375.22M,1.735B,185.00M,0,0.44,0.43,2.524B,2.673B,558.01M,2016-01,994.83M,235.06M,-5.37M,-5.37M,1.014B,0,250.00M,348.06M,818.13M,354.17M,119.00M,2.293B,209.95M,4.160B,6.041B,7.755M,1.946B,1.020B,1.877B,4.095B,857.28M,209.95M,500.89M,554.74M
HRL,2015-10,-225.67M,347.24M,1.906B,350.00M,0,0.355,0.345,2.527B,2.646B,495.03M,2015-10,993.26M,187.23M,-3.342M,-3.342M,1.012B,64.10M,250.00M,306.08M,759.71M,289.16M,101.71M,2.401B,188.95M,3.998B,6.140B,7.741M,2.063B,1.214B,2.138B,4.077B,924.41M,188.95M,502.08M,611.82M
HRL,2015-07,-191.84M,349.17M,1.779B,0,0,0.28,0.27,2.528B,2.629B,409.39M,2015-07,984.45M,146.94M,-2.94M,-2.94M,1.002B,40.58M,250.00M,224.76M,659.20M,228.22M,81.26M,2.189B,184.63M,3.933B,6.091B,7.745M,2.004B,1.245B,2.155B,4.087B,909.96M,184.63M,400.61M,564.52M
HRL,2015-04,-199.76M,624.40M,1.820B,0,0,0.34,0.33,1.780B,2.605B,459.56M,2015-04,963.48M,180.20M,-1.966M,-1.966M,990.07M,43.83M,250.00M,269.82M,654.38M,275.73M,95.30M,2.279B,189.73M,3.841B,5.623B,7.74M,2.302B,870.18M,1.779B,3.321B,909.00M,189.73M,391.65M,607.46M
HRL,2015-01,-200.04M,527.10M,1.950B,0,0,0.33,0.32,1.778B,2.590B,444.60M,2015-01,1.017B,171.72M,-1.929M,-1.929M,997.24M,29.86M,250.00M,264.31M,751.95M,264.04M,91.61M,2.395B,180.30M,3.727B,5.560B,7.729M,2.246B,937.30M,1.827B,3.313B,890.00M,180.30M,468.44M,578.24M
HRL,2014-10,-207.70M,334.17M,2.120B,0,0,0.325,0.315,1.781B,2.582B,423.58M,2014-10,1.055B,171.26M,-2.626M,-2.626M,1.002B,24.00M,250.00M,257.64M,709.41M,260.74M,88.89M,2.544B,165.94M,3.606B,5.456B,7.724M,2.133B,954.69M,1.844B,3.323B,888.87M,165.94M,489.55M,635.20M
HRL,2014-07,-151.77M,530.98M,1.921B,0,0,0.26,0.255,1.336B,2.538B,364.00M,2014-07,1.077B,137.98M,-1.522M,-1.522M,978.15M,0,250.00M,210.96M,563.31M,212.98M,73.97M,2.285B,153.04M,3.571B,5.188B,7.735M,2.245B,785.10M,1.609B,2.943B,823.75M,153.04M,362.48M,543.13M
HRL,2014-04,-142.32M,499.33M,1.866B,0,0,0.265,0.26,1.338B,2.527B,378.76M,2014-04,1.054B,140.09M,-3.399M,-3.399M,976.25M,0,250.00M,212.97M,549.29M,213.16M,72.45M,2.245B,165.78M,3.506B,5.086B,7.733M,2.173B,751.99M,1.573B,2.913B,820.69M,165.78M,343.42M,529.76M
HRL,2014-01,-150.99M,639.84M,1.844B,0,0,0.29,0.285,1.340B,2.496B,398.64M,2014-01,924.50M,153.35M,-1.921M,-1.921M,967.52M,0,250.00M,232.45M,641.43M,235.27M,80.81M,2.243B,166.19M,3.418B,5.067B,7.733M,2.167B,824.52M,1.643B,2.900B,818.21M,166.19M,422.19M,505.02M
HRL,2013-10,-149.21M,434.01M,1.938B,0,0,0.3,0.29,1.313B,2.461B,385.52M,2013-10,967.98M,157.34M,-0.595M,-0.595M,955.33M,0,250.00M,238.07M,553.73M,239.61M,81.12M,2.323B,147.44M,3.311B,4.916B,7.725M,2.047B,784.01M,1.599B,2.868B,815.29M,147.44M,395.92M,551.50M
HRL,2013-07,-325.56M,329.50M,1.829B,350.00M,0,0.215,0.21,1.315B,2.435B,330.31M,2013-07,1.004B,113.64M,-3.577M,-3.577M,949.02M,0,250.00M,179.31M,569.72M,177.08M,63.17M,2.160B,151.00M,3.046B,4.761B,7.737M,1.952B,789.48M,1.707B,2.810B,917.88M,151.00M,376.02M,517.27M
HRL,2013-04,-325.17M,262.75M,1.800B,0,0,0.235,0.23,1.315B,2.423B,352.80M,2013-04,998.93M,125.52M,-2.026M,-2.026M,957.76M,0,250.00M,179.74M,509.93M,184.90M,58.26M,2.153B,173.07M,3.010B,4.668B,7.763M,1.832B,707.89M,1.650B,2.835B,941.92M,173.07M,321.92M,479.42M
HRL,2013-01,-324.46M,887.68M,1.772B,0,0,0.245,0.24,751.76M,2.356B,344.19M,2013-01,953.68M,129.72M,-1.284M,-1.284M,916.19M,0,250.00M,188.36M,563.69M,196.92M,65.88M,2.116B,155.83M,2.927B,4.623B,7.755M,2.400B,737.39M,1.689B,2.223B,951.49M,155.83M,359.45M,466.54M
HRL,2012-10,-323.57M,759.78M,1.818B,0,0,0.25,0.245,753.95M,2.342B,351.78M,2012-10,950.52M,132.60M,-1.407M,-1.407M,924.48M,0,250.00M,192.09M,559.29M,200.74M,66.45M,2.170B,159.68M,2.819B,4.564B,7.707M,2.321B,786.30M,1.739B,2.243B,952.74M,159.68M,390.74M,523.50M
HRL,2012-07,-168.90M,610.23M,1.701B,0,0,0.21,0.205,756.24M,2.320B,307.06M,2012-07,927.05M,111.17M,-2.363M,-2.363M,915.79M,0,250.00M,162.03M,466.14M,169.49M,57.09M,2.008B,145.02M,2.889B,4.383B,7.713M,2.117B,676.71M,1.486B,2.265B,809.71M,145.02M,337.70M,493.22M
HRL,2012-04,-187.53M,601.59M,1.677B,0,0,0.245,0.24,758.47M,2.293B,335.61M,2012-04,912.67M,127.89M,-0.945M,-0.945M,908.53M,0,250.00M,186.92M,538.70M,193.79M,64.86M,2.013B,148.68M,2.801B,4.315B,7.713M,2.060B,699.97M,1.509B,2.255B,808.87M,148.68M,365.36M,456.00M
HRL,2012-01,-185.34M,625.00M,1.702B,0,0,0.245,0.24,760.50M,2.270B,337.41M,2012-01,882.83M,128.40M,-1.624M,-1.624M,908.28M,0,250.00M,184.93M,552.66M,194.31M,64.98M,2.039B,152.48M,2.735B,4.270B,7.731M,2.022B,724.59M,1.531B,2.249B,806.60M,152.48M,392.35M,422.50M
HRL,2011-10,-175.48M,539.21M,1.768B,0,0,0.22,0.215,762.93M,2.249B,336.03M,2011-10,885.82M,117.31M,-6.611M,-6.611M,907.09M,0,250.00M,179.33M,550.71M,180.34M,61.84M,2.104B,156.69M,2.657B,4.244B,7.734M,1.998B,778.19M,1.585B,2.246B,806.39M,156.69M,398.31M,485.53M
HRL,2011-07,-154.55M,573.49M,1.613B,0,0,0.185,0.18,765.04M,2.223B,297.86M,2011-07,865.88M,98.48M,-5.484M,-5.484M,895.90M,0,250.00M,141.26M,524.51M,141.34M,41.37M,1.911B,156.60M,2.660B,4.150B,7.803M,1.977B,700.96M,1.483B,2.172B,781.95M,156.60M,347.96M,444.76M
HRL,2011-04,-149.10M,964.71M,1.633B,0,0,0.205,0.2,767.31M,2.212B,326.23M,2011-04,810.39M,109.58M,-5.215M,-5.215M,905.52M,0,250.00M,166.09M,655.94M,167.55M,56.85M,1.959B,160.14M,2.638B,4.451B,7.835M,2.287B,1.006B,1.808B,2.164B,802.23M,160.14M,329.76M,409.98M
