Ticker,Date,Accrued Comprehensive Inc,Cash and Short Term Investments,Cost of Goods Sold,Current Debt & Capital Lease Obligation,Current Deferred Liabilities,EPS Basic,EPS Diluted,Goodwill and Intangibles,Gross PP&E,Gross Profit,Income (Quarterly),Inventories,Net Income,Net Non-Operating Interest Income Expense,Net Operating Interest Income,Net PP&E,Non-Current Deferred Liabilities,Non-Current Portion of LTD and Capital Lease Obligation,Operating Income,Payables and Accrued Expenses,Pre-Tax Income,Provision for Income Taxes,Revenue,SG&A Expense,Shareholders Equity,Total Assets,Total Capital Stock,Total Current Assets,Total Current Liabilities,Total Liabilities,Total Long Term Assets,Total Long Term Liabilities,Total Operating Expenses,Total Payables,Total Receivables
HSIC,2020-12,-108.08M,421.18M,2.306B,247.92M,0,1,1,2.984B,1.157B,859.71M,2020-12,1.512B,142.63M,-9.607M,-9.607M,630.85M,30.06M,754.50M,185.58M,2.035B,169.93M,29.41M,3.166B,674.13M,3.348B,7.773B,1.425M,3.791B,2.283B,3.788B,3.981B,1.505B,674.13M,1.144B,1.425B
HSIC,2020-09,-171.33M,533.50M,2.086B,680.30M,0,1,0.99,2.999B,584.85M,754.30M,2020-09,1.463B,141.70M,-8.817M,-8.817M,584.85M,32.41M,715.97M,194.66M,1.924B,177.16M,29.00M,2.840B,559.64M,3.155B,7.810B,1.425M,3.869B,2.604B,4.018B,3.941B,1.414B,559.64M,1.145B,1.408B
HSIC,2020-06,-199.25M,296.11M,1.230B,674.48M,0,-0.08,-0.08,2.999B,547.37M,454.29M,2020-06,1.407B,-10.80M,-8.489M,-8.489M,547.37M,56.92M,679.14M,8.501M,1.633B,-16.21M,-0.95M,1.684B,445.79M,2.991B,7.318B,1.424M,3.409B,2.307B,3.697B,3.909B,1.389B,445.79M,945.40M,1.101B
HSIC,2020-03,-227.65M,617.37M,1.683B,554.56M,0,0.91,0.91,3.025B,543.16M,746.04M,2020-03,1.328B,130.26M,-4.622M,-4.622M,543.16M,73.22M,1.029B,178.65M,1.651B,169.02M,37.91M,2.429B,567.39M,2.975B,7.519B,1.424M,3.619B,2.206B,3.913B,3.900B,1.708B,567.39M,951.06M,1.199B
HSIC,2019-12,-167.37M,106.10M,1.858B,199.17M,0,2.27,2.24,3.035B,1.030B,810.60M,2019-12,1.429B,329.86M,-5.944M,-5.944M,561.31M,64.99M,799.18M,195.28M,1.839B,189.48M,42.19M,2.669B,615.32M,2.998B,7.151B,1.434M,3.227B,2.038B,3.521B,3.925B,1.483B,615.32M,1.045B,1.246B
HSIC,2019-09,-195.43M,75.26M,1.748B,284.40M,0,0.96,0.95,3.044B,551.25M,761.17M,2019-09,1.357B,140.56M,-8.43M,-8.43M,551.25M,68.64M,1.055B,186.40M,1.624B,178.59M,41.96M,2.509B,574.77M,2.830B,7.097B,1.463M,3.116B,1.909B,3.638B,3.981B,1.729B,574.77M,965.71M,1.279B
HSIC,2019-06,-139.94M,84.92M,1.680B,320.21M,0,0.77,0.77,3.062B,551.54M,767.43M,2019-06,1.368B,114.53M,-9.131M,-9.131M,551.54M,72.18M,1.151B,174.21M,1.505B,151.74M,35.88M,2.448B,593.22M,2.827B,7.112B,1.478M,3.109B,1.825B,3.666B,4.004B,1.841B,593.22M,854.21M,1.204B
HSIC,2019-03,-149.88M,88.12M,1.609B,377.49M,0,0.73,0.73,3.068B,563.52M,751.69M,2019-03,1.370B,109.78M,-11.53M,-11.53M,563.52M,76.85M,1.161B,177.08M,1.501B,160.49M,39.48M,2.360B,574.61M,2.797B,7.145B,1.49M,3.109B,1.879B,3.730B,4.036B,1.851B,574.61M,857.69M,1.193B
HSIC,2018-12,-248.77M,56.88M,1.722B,959.74M,0,0.88,0.87,2.458B,905.10M,750.93M,2018-12,1.416B,132.97M,-17.06M,-17.06M,314.22M,27.22M,980.34M,192.65M,1.681B,139.46M,20.78M,2.473B,558.28M,2.961B,8.501B,1.514M,4.175B,3.219B,4.959B,4.325B,1.740B,558.28M,940.37M,1.169B
HSIC,2018-09,-219.65M,119.74M,1.633B,1.157B,0,0.8,0.79,3.304B,0,722.36M,2018-09,1.933B,121.48M,-16.50M,-16.50M,374.05M,45.95M,1.000B,170.31M,2.072B,106.18M,16.63M,2.356B,552.05M,2.973B,8.390B,1.524M,4.194B,3.230B,4.974B,4.196B,1.744B,552.05M,1.316B,1.628B
HSIC,2018-06,-211.39M,111.32M,1.598B,1.192B,0,0.92,0.92,2.869B,990.50M,718.33M,2018-06,1.930B,141.21M,-13.51M,-13.51M,368.60M,48.13M,985.38M,165.60M,1.961B,143.16M,33.88M,2.316B,552.72M,2.914B,7.810B,1.532M,4.062B,3.153B,4.887B,3.748B,1.734B,552.72M,1.291B,1.561B
HSIC,2018-03,-97.89M,99.24M,1.554B,968.30M,0,0.92,0.91,2.967B,864.74M,719.13M,2018-03,2.015B,140.22M,-13.45M,-13.45M,377.00M,54.45M,1.001B,164.92M,1.888B,148.04M,36.14M,2.273B,554.21M,2.902B,7.915B,1.54M,4.121B,2.856B,5.003B,3.794B,2.147B,554.21M,1.235B,1.576B
HSIC,2017-12,-130.07M,174.66M,-508.57M,758.31M,0,-0.06,-0.06,2.972B,0,248.52M,2017-12,1.934B,-8.535M,-14.78M,-14.78M,375.00M,50.43M,907.76M,51.58M,2.071B,34.98M,152.70M,-260.05M,196.93M,2.811B,7.864B,1.537M,4.086B,2.829B,5.040B,3.778B,2.211B,196.93M,1.342B,1.523B
HSIC,2017-09,-154.47M,79.88M,2.325B,649.11M,0,0.88,0.87,2.892B,0,836.05M,2017-09,1.692B,138.03M,-8.635M,-8.635M,361.71M,91.79M,907.59M,213.55M,1.788B,204.72M,59.34M,3.161B,622.51M,3.012B,7.487B,1.57M,3.783B,2.437B,4.466B,3.704B,2.029B,622.51M,1.178B,1.545B
HSIC,2017-06,-209.53M,74.65M,2.220B,594.72M,0,0.86,0.86,2.809B,0,839.17M,2017-06,1.567B,136.06M,-8.091M,-8.091M,351.38M,89.76M,807.62M,210.66M,1.635B,203.30M,58.31M,3.059B,628.51M,2.926B,7.097B,0.792M,3.464B,2.230B,4.163B,3.634B,1.933B,628.51M,1.035B,1.409B
HSIC,2017-03,-281.82M,62.89M,2.100B,690.33M,0,0.89,0.88,2.658B,0,822.92M,2017-03,1.624B,140.75M,-7.126M,-7.126M,336.46M,79.11M,708.42M,193.97M,1.595B,186.80M,38.63M,2.923B,628.95M,2.787B,6.845B,0.795M,3.392B,2.285B,4.049B,3.452B,1.764B,628.95M,1.012B,1.363B
HSIC,2016-12,-317.04M,62.38M,2.261B,503.40M,0,0.875,0.865,2.643B,0,859.49M,2016-12,1.666B,139.22M,-6.681M,-6.681M,333.91M,51.59M,715.46M,230.06M,1.817B,206.97M,58.86M,3.121B,629.42M,2.793B,6.760B,1.588M,3.343B,2.321B,3.960B,3.418B,1.639B,629.42M,1.159B,1.254B
HSIC,2016-09,-222.18M,76.19M,2.077B,350.58M,0,0.83,0.82,2.569B,0,787.68M,2016-09,1.468B,133.71M,-4.347M,-4.347M,324.11M,143.61M,718.02M,206.09M,1.689B,196.18M,56.60M,2.865B,581.58M,2.895B,6.634B,0.806M,3.286B,2.040B,3.730B,3.348B,1.691B,581.58M,1.089B,1.368B
HSIC,2016-06,-214.61M,63.56M,2.071B,255.00M,0,0.735,0.73,2.549B,0,801.47M,2016-06,1.483B,120.10M,-3.811M,-3.811M,320.10M,248.31M,700.05M,201.06M,1.656B,177.13M,48.96M,2.873B,600.41M,2.948B,6.634B,0.818M,3.278B,1.911B,3.678B,3.356B,1.767B,600.41M,1.031B,1.296B
HSIC,2016-03,-209.70M,71.61M,1.935B,441.36M,0,0.695,0.685,2.528B,0,777.84M,2016-03,1.500B,113.75M,-3.779M,-3.779M,324.28M,257.88M,666.28M,180.25M,1.546B,175.55M,53.53M,2.713B,597.59M,2.914B,6.601B,0.821M,3.271B,1.988B,3.684B,3.330B,1.697B,597.59M,968.76M,1.275B
HSIC,2015-12,-219.94M,72.09M,2.057B,345.96M,0,0.79,0.78,2.503B,796.58M,793.97M,2015-12,1.510B,129.95M,-4.064M,-4.064M,318.48M,252.86M,463.75M,213.10M,1.801B,196.82M,59.25M,2.851B,580.87M,2.884B,6.505B,0.824M,3.231B,2.147B,3.618B,3.274B,1.471B,580.87M,1.168B,1.230B
HSIC,2015-09,-199.68M,60.48M,1.937B,201.34M,0,0.77,0.76,2.517B,749.14M,748.91M,2015-09,1.425B,127.74M,-3.168M,-3.168M,311.89M,248.25M,597.11M,197.32M,1.596B,185.44M,49.23M,2.686B,551.59M,2.939B,6.372B,0.834M,3.120B,1.797B,3.430B,3.251B,1.632B,551.59M,1.041B,1.224B
HSIC,2015-06,-165.74M,47.07M,1.879B,147.14M,0,0.71,0.7,2.473B,676.24M,750.68M,2015-06,1.314B,117.93M,-3.033M,-3.033M,310.33M,252.97M,588.52M,190.25M,1.490B,179.82M,53.78M,2.629B,560.43M,2.863B,6.106B,0.837M,2.905B,1.637B,3.240B,3.200B,1.603B,560.43M,934.17M,1.164B
HSIC,2015-03,-201.87M,59.20M,1.750B,177.65M,0,0.62,0.61,2.457B,0,713.40M,2015-03,1.298B,103.45M,-2.808M,-2.808M,292.04M,248.44M,653.72M,168.23M,1.369B,158.68M,49.13M,2.464B,545.17M,2.733B,5.939B,0.839M,2.802B,1.547B,3.203B,3.137B,1.657B,545.17M,869.28M,1.099B
HSIC,2014-12,-95.13M,89.47M,1.938B,188.71M,0,0.795,0.78,2.531B,0,764.46M,2014-12,1.328B,132.97M,-3.517M,-3.517M,311.50M,253.12M,542.78M,202.94M,1.591B,199.87M,59.36M,2.702B,561.52M,2.814B,6.139B,0.84M,2.913B,1.780B,3.322B,3.226B,1.542B,561.52M,1.012B,1.128B
HSIC,2014-09,-17.29M,76.54M,1.902B,194.60M,0,0.68,0.67,2.540B,0,721.67M,2014-09,1.284B,114.78M,-2.828M,-2.828M,303.16M,264.68M,630.81M,174.09M,1.511B,170.78M,51.30M,2.624B,547.58M,2.818B,6.131B,0.845M,2.928B,1.706B,3.309B,3.202B,1.604B,547.58M,993.94M,1.179B
HSIC,2014-06,78.70M,89.70M,1.887B,89.97M,0,0.685,0.675,2.427B,0,728.47M,2014-06,1.257B,116.24M,-2.254M,-2.254M,292.97M,278.46M,665.91M,180.84M,1.454B,179.62M,55.32M,2.615B,547.63M,2.851B,5.992B,0.85M,2.912B,1.544B,3.138B,3.080B,1.594B,547.63M,914.36M,1.188B
HSIC,2014-03,72.86M,129.12M,1.733B,250.03M,0,0.6,0.59,2.390B,0,696.71M,2014-03,1.247B,102.10M,-1.803M,-1.803M,285.53M,287.15M,541.69M,157.27M,1.363B,159.04M,49.62M,2.430B,539.44M,2.816B,5.880B,0.856M,2.877B,1.613B,3.061B,3.003B,1.448B,539.44M,851.73M,1.117B
HSIC,2013-12,67.85M,188.62M,1.827B,34.95M,0,0.73,0.72,2.055B,0,699.52M,2013-12,1.250B,124.27M,-1.761M,-1.761M,275.89M,198.67M,450.23M,186.88M,1.516B,186.59M,55.60M,2.526B,512.64M,2.785B,5.625B,0.856M,2.835B,1.551B,2.837B,2.790B,1.286B,512.64M,969.66M,1.055B
HSIC,2013-09,51.15M,69.92M,1.709B,96.34M,0,0.625,0.615,2.066B,0,639.65M,2013-09,1.123B,107.38M,-1.815M,-1.815M,265.27M,205.26M,311.46M,160.48M,1.350B,159.92M,34.66M,2.349B,479.17M,2.709B,5.278B,0.86M,2.635B,1.446B,2.567B,2.643B,1.121B,479.17M,880.85M,1.103B
HSIC,2013-06,1.265M,78.84M,1.722B,21.48M,0,0.63,0.615,2.043B,627.20M,669.86M,2013-06,1.099B,108.43M,-1.587M,-1.587M,256.78M,200.71M,446.71M,176.06M,1.293B,174.44M,54.78M,2.392B,493.79M,2.615B,5.165B,0.867M,2.573B,1.314B,2.547B,2.591B,1.233B,493.79M,822.21M,1.040B
HSIC,2013-03,14.46M,90.56M,1.647B,51.98M,0,0.53,0.515,2.064B,569.89M,646.99M,2013-03,1.136B,91.48M,-9.522M,-9.522M,262.82M,199.77M,600.60M,153.63M,1.191B,143.74M,45.85M,2.294B,493.36M,2.578B,5.206B,0.874M,2.585B,1.243B,2.626B,2.620B,1.383B,493.36M,746.14M,1.028B
HSIC,2012-12,52.86M,122.08M,1.745B,45.16M,0,0.65,0.63,2.067B,0,663.50M,2012-12,1.204B,112.47M,-5.071M,-5.071M,273.46M,196.81M,488.12M,181.34M,1.428B,176.66M,54.11M,2.408B,482.15M,2.614B,5.334B,0.879M,2.704B,1.473B,2.718B,2.630B,1.245B,482.15M,920.43M,1.015B
HSIC,2012-09,35.48M,89.34M,1.622B,172.96M,0,0.555,0.54,2.063B,0,609.04M,2012-09,1.071B,96.77M,-4.025M,-4.025M,258.68M,180.98M,436.43M,149.62M,1.101B,146.58M,44.71M,2.231B,459.42M,2.572B,5.112B,0.883M,2.512B,1.449B,2.163B,2.599B,713.80M,459.42M,838.22M,1.036B
HSIC,2012-06,12.88M,87.90M,1.577B,100.58M,0,0.555,0.54,1.948B,0,624.40M,2012-06,977.00M,98.09M,-4.102M,-4.102M,255.72M,185.25M,434.42M,158.06M,1.183B,151.43M,47.20M,2.201B,466.33M,2.489B,4.835B,0.889M,2.331B,1.283B,1.986B,2.504B,702.64M,466.33M,746.64M,972.29M
HSIC,2012-03,53.74M,101.81M,1.488B,28.03M,0,0.46,0.445,1.892B,0,610.58M,2012-03,975.80M,80.75M,-4.31M,-4.31M,259.76M,186.84M,453.06M,145.13M,1.111B,129.51M,41.84M,2.099B,465.45M,2.526B,4.760B,0.902M,2.307B,1.139B,1.863B,2.453B,723.98M,465.45M,703.15M,957.47M
HSIC,2011-12,22.58M,147.28M,1.688B,77.83M,0,0.59,0.575,1.911B,0,652.59M,2011-12,947.85M,104.73M,-3.939M,-3.939M,262.09M,188.74M,363.52M,163.37M,1.194B,160.06M,49.46M,2.340B,489.22M,2.432B,4.740B,0.899M,2.273B,1.272B,2.307B,2.468B,1.035B,489.22M,742.70M,888.25M
HSIC,2011-09,49.62M,106.87M,1.524B,60.09M,0,0.51,0.495,1.921B,0,587.42M,2011-09,923.69M,91.96M,-2.983M,-2.983M,262.50M,190.73M,371.86M,143.26M,722.81M,140.51M,44.26M,2.112B,444.16M,2.539B,4.798B,0.909M,2.317B,1.201B,1.841B,2.481B,639.32M,444.16M,722.81M,983.06M
HSIC,2011-06,102.92M,161.79M,1.518B,70.42M,0,0.52,0.505,1.960B,0,612.22M,2011-06,926.72M,94.48M,-3.71M,-3.71M,270.02M,197.54M,372.92M,151.22M,996.21M,148.26M,47.34M,2.131B,461.01M,2.573B,4.884B,0.924M,2.349B,1.237B,1.885B,2.535B,647.83M,461.01M,731.51M,963.07M
HSIC,2011-03,89.84M,116.71M,1.382B,105.55M,0,0.42,0.41,1.958B,0,565.82M,2011-03,930.34M,76.50M,-4.152M,-4.152M,271.75M,196.36M,407.46M,124.30M,974.76M,120.47M,39.15M,1.948B,441.52M,2.447B,4.795B,0.923M,2.262B,1.234B,1.921B,2.533B,686.53M,441.52M,710.86M,934.95M
