Ticker,Date,Accrued Comprehensive Inc,Cash and Short Term Investments,Cost of Goods Sold,Current Debt & Capital Lease Obligation,Current Deferred Liabilities,EPS Basic,EPS Diluted,Goodwill and Intangibles,Gross PP&E,Gross Profit,Income (Quarterly),Inventories,Net Income,Net Non-Operating Interest Income Expense,Net Operating Interest Income,Net PP&E,Non-Current Deferred Liabilities,Non-Current Portion of LTD and Capital Lease Obligation,Operating Income,Payables and Accrued Expenses,Pre-Tax Income,Provision for Income Taxes,Revenue,SG&A Expense,Shareholders Equity,Total Assets,Total Capital Stock,Total Current Assets,Total Current Liabilities,Total Liabilities,Total Long Term Assets,Total Long Term Liabilities,Total Operating Expenses,Total Payables,Total Receivables
HSY,2020-12,-338.08M,1.144B,1.223B,549.45M,0,1.44,1.39,3.471B,5.189B,962.07M,2020-12,964.21M,291.39M,-37.78M,-37.78M,2.510B,229.03M,4.272B,424.09M,1.342B,263.40M,-27.93M,2.185B,537.98M,2.234B,9.132B,221.55M,2.978B,1.892B,6.894B,6.154B,5.002B,537.98M,597.11M,615.23M
HSY,2020-09,-352.31M,1.206B,1.140B,869.20M,0,2.21,2.14,3.460B,5.068B,1.080B,2020-09,958.48M,447.28M,-37.26M,-37.26M,2.413B,211.27M,4.281B,611.41M,1.359B,562.51M,115.25M,2.220B,468.61M,2.066B,9.255B,221.55M,3.207B,2.228B,7.186B,6.048B,4.958B,468.61M,663.24M,829.51M
HSY,2020-06,-367.19M,1.165B,914.78M,1.018B,0,1.33,1.29,3.462B,5.028B,792.55M,2020-06,999.38M,268.90M,-38.08M,-38.08M,2.388B,205.11M,4.276B,383.60M,1.197B,334.08M,66.04M,1.707B,408.95M,1.754B,8.911B,221.55M,2.903B,2.215B,7.155B,6.008B,4.940B,408.95M,584.13M,540.40M
HSY,2020-03,-365.74M,1.095B,1.171B,1.654B,0,1.33,1.29,3.464B,4.968B,866.62M,2020-03,832.19M,271.14M,-36.26M,-36.26M,2.370B,197.04M,3.637B,391.24M,1.239B,335.01M,66.23M,2.037B,475.38M,1.671B,8.855B,221.55M,2.855B,2.893B,7.181B,6.001B,4.288B,475.38M,593.20M,705.64M
HSY,2019-12,-323.97M,493.26M,1.156B,764.88M,0,1.02,0.98,3.481B,4.955B,911.91M,2019-12,815.25M,207.19M,-37.44M,-37.44M,2.374B,200.02M,3.715B,394.71M,1.244B,214.32M,9.903M,2.068B,517.20M,1.739B,8.140B,221.55M,2.117B,2.009B,6.395B,6.023B,4.387B,517.20M,570.75M,568.51M
HSY,2019-09,-324.14M,302.64M,1.191B,1.657B,0,1.59,1.54,3.579B,4.878B,943.32M,2019-09,969.07M,325.31M,-35.46M,-35.46M,2.326B,200.16M,3.081B,461.96M,1.325B,407.36M,82.18M,2.134B,481.36M,1.753B,8.464B,359.90M,2.375B,2.982B,6.703B,6.089B,3.720B,481.36M,627.65M,849.22M
HSY,2019-06,-336.74M,365.96M,892.47M,1.269B,0,1.54,1.48,3.201B,4.851B,874.74M,2019-06,957.95M,312.84M,-33.78M,-33.78M,2.339B,197.10M,3.083B,420.95M,1.118B,363.17M,49.90M,1.767B,453.79M,1.675B,7.794B,359.90M,2.094B,2.387B,6.109B,5.700B,3.722B,453.79M,496.54M,538.75M
HSY,2019-03,-348.52M,465.96M,1.124B,1.203B,0,1.49,1.45,3.205B,4.791B,892.50M,2019-03,791.29M,304.36M,-37.46M,-37.46M,2.327B,181.38M,3.416B,438.93M,1.195B,395.93M,92.05M,2.016B,453.57M,1.415B,7.857B,359.90M,2.217B,2.398B,6.434B,5.640B,4.036B,453.57M,575.20M,694.14M
HSY,2018-12,-356.78M,588.00M,1.044B,1.203B,0,1.65,1.6,3.206B,4.582B,944.35M,2018-12,784.88M,336.79M,-37.63M,-37.63M,2.130B,176.86M,3.254B,458.32M,1.215B,343.97M,12.37M,1.988B,486.04M,1.399B,7.703B,359.90M,2.239B,2.419B,6.296B,5.464B,3.877B,486.04M,536.09M,594.14M
HSY,2018-09,-335.95M,823.79M,1.216B,1.452B,0,1.29,1.25,2.806B,4.584B,863.49M,2018-09,880.67M,263.71M,-36.92M,-36.92M,2.093B,144.98M,3.254B,409.57M,1.306B,356.85M,91.44M,2.080B,453.92M,1.235B,7.836B,359.90M,2.794B,2.759B,6.587B,5.042B,3.828B,453.92M,642.51M,814.92M
HSY,2018-06,-367.82M,467.35M,958.20M,1.351B,0,1.11,1.08,2.806B,4.535B,793.42M,2018-06,916.44M,226.86M,-34.95M,-34.95M,2.084B,141.20M,3.250B,343.87M,1.125B,260.01M,36.69M,1.752B,449.55M,1.050B,7.406B,359.90M,2.365B,2.514B,6.342B,5.041B,3.828B,449.55M,527.20M,501.86M
HSY,2018-03,-354.48M,476.43M,997.90M,2.550B,0,1.71,1.65,2.786B,4.524B,974.06M,2018-03,782.46M,350.20M,-29.34M,-29.34M,2.119B,142.52M,2.060B,488.74M,1.127B,449.23M,98.51M,1.972B,485.32M,972.13M,7.333B,359.90M,2.270B,3.706B,6.343B,5.062B,2.638B,485.32M,532.25M,614.30M
HSY,2017-12,-313.75M,380.18M,1.102B,859.46M,0,0.88,0.85,1.295B,4.461B,837.24M,2017-12,752.84M,181.13M,-25.83M,-25.83M,2.107B,45.66M,2.061B,331.96M,1.217B,260.39M,78.84M,1.940B,505.28M,915.34M,5.554B,359.90M,2.002B,2.077B,4.622B,3.552B,2.546B,505.28M,540.95M,588.26M
HSY,2017-09,-337.03M,275.06M,1.090B,1.116B,0,1.32,1.28,1.297B,4.411B,942.94M,2017-09,938.19M,273.30M,-24.59M,-24.59M,2.050B,22.30M,2.054B,465.48M,1.222B,400.80M,126.79M,2.033B,477.45M,823.27M,5.655B,359.90M,2.214B,2.338B,4.817B,3.441B,2.479B,477.45M,548.55M,742.83M
HSY,2017-06,-355.96M,214.06M,897.14M,622.05M,0,0.98,0.95,1.297B,4.370B,765.85M,2017-06,936.44M,203.50M,-24.13M,-24.13M,2.034B,21.08M,2.350B,322.47M,1.120B,281.12M,78.39M,1.663B,443.37M,855.30M,5.380B,359.90M,1.912B,1.742B,4.510B,3.469B,2.768B,443.37M,478.41M,417.46M
HSY,2017-03,-357.41M,235.03M,970.33M,487.64M,0,0.6,0.58,1.292B,4.440B,909.35M,2017-03,795.40M,125.04M,-23.74M,-23.74M,2.050B,35.50M,2.351B,449.97M,1.223B,168.36M,70.11M,1.880B,459.39M,830.08M,5.342B,359.90M,1.874B,1.711B,4.497B,3.469B,2.786B,459.39M,576.39M,595.78M
HSY,2016-12,-375.89M,296.97M,1.216B,632.71M,0,0.56,0.55,1.400B,4.575B,753.92M,2016-12,745.68M,116.85M,-23.41M,-23.41M,2.177B,39.59M,2.347B,271.37M,1.277B,198.62M,81.77M,1.970B,482.55M,785.86M,5.524B,359.90M,1.817B,1.909B,4.697B,3.708B,2.787B,482.55M,525.74M,581.38M
HSY,2016-09,-396.82M,333.33M,1.153B,862.41M,0,1.09,1.06,1.412B,4.580B,850.85M,2016-09,843.52M,227.40M,-24.39M,-24.39M,2.160B,45.13M,2.362B,376.35M,1.155B,327.84M,100.43M,2.003B,474.49M,895.44M,5.845B,359.90M,2.131B,2.017B,4.903B,3.715B,2.886B,474.49M,471.62M,759.62M
HSY,2016-06,-396.68M,250.18M,890.27M,1.497B,0,0.7,0.68,1.422B,4.568B,747.40M,2016-06,871.28M,145.96M,-21.34M,-21.34M,2.199B,53.99M,1.571B,284.87M,1.174B,233.30M,87.34M,1.638B,462.53M,727.95M,5.567B,359.90M,1.808B,2.671B,4.793B,3.760B,2.121B,462.53M,455.33M,483.54M
HSY,2016-03,-379.74M,285.96M,1.011B,1.021B,0,1.09,1.06,1.136B,4.546B,817.38M,2016-03,770.38M,229.83M,-21.00M,-21.00M,2.230B,52.60M,1.571B,345.64M,1.316B,339.73M,109.90M,1.829B,471.73M,831.44M,5.306B,359.90M,1.773B,2.337B,4.426B,3.533B,2.090B,471.73M,546.60M,544.03M
HSY,2015-12,-371.02M,346.53M,1.055B,863.44M,0,1.01,0.98,1.132B,4.517B,854.36M,2015-12,750.97M,213.38M,-20.73M,-20.73M,2.240B,53.19M,1.557B,354.91M,1.354B,296.54M,83.16M,1.909B,499.45M,998.00M,5.344B,359.90M,1.849B,2.218B,4.297B,3.496B,2.079B,499.45M,569.53M,599.07M
HSY,2015-09,-383.94M,343.91M,1.069B,938.40M,0,0.73,0.7,1.078B,4.459B,892.06M,2015-09,813.58M,154.77M,-18.64M,-18.64M,2.188B,123.10M,1.830B,391.76M,1.297B,246.64M,91.87M,1.961B,500.31M,888.61M,5.631B,359.90M,2.209B,2.235B,4.693B,3.421B,2.458B,500.31M,489.22M,760.79M
HSY,2015-06,-316.32M,401.97M,843.42M,866.43M,0,-0.47,-0.47,1.114B,4.423B,735.41M,2015-06,874.00M,-99.94M,-18.88M,-18.88M,2.180B,130.12M,1.547B,279.86M,1.152B,-16.14M,83.80M,1.579B,455.54M,1.150B,5.449B,359.90M,2.007B,2.018B,4.248B,3.442B,2.230B,455.54M,444.48M,443.45M
HSY,2015-03,-403.81M,405.17M,1.037B,899.89M,0,1.14,1.1,1.342B,4.355B,900.84M,2015-03,745.76M,244.74M,-19.20M,-19.20M,2.149B,136.49M,1.560B,386.83M,1.275B,374.80M,130.07M,1.938B,514.01M,1.266B,5.757B,359.90M,2.108B,2.175B,4.442B,3.649B,2.266B,514.01M,570.96M,606.69M
HSY,2014-12,-358.57M,471.98M,1.123B,635.50M,0,0.94,0.85,1.151B,4.329B,887.06M,2014-12,801.04M,202.51M,-20.74M,-20.74M,2.152B,99.37M,1.542B,368.62M,1.300B,321.57M,119.06M,2.010B,518.44M,1.455B,5.623B,359.90M,2.247B,1.936B,4.103B,3.376B,2.168B,518.44M,585.52M,596.94M
HSY,2014-09,-176.52M,575.40M,1.101B,900.08M,0,1.03,1,1.110B,4.233B,860.14M,2014-09,900.74M,223.74M,-20.77M,-20.77M,2.079B,145.85M,1.560B,375.04M,1.292B,345.42M,121.68M,1.962B,485.10M,1.544B,5.917B,359.90M,2.533B,2.192B,4.309B,3.384B,2.116B,485.10M,554.36M,786.37M
HSY,2014-06,-146.34M,659.82M,860.88M,198.03M,0,0.78,0.75,767.20M,4.024B,717.47M,2014-06,855.18M,168.17M,-20.73M,-20.73M,1.943B,106.21M,1.795B,278.53M,1.064B,256.73M,88.56M,1.578B,438.94M,1.545B,5.185B,359.90M,2.262B,1.262B,3.576B,2.923B,2.315B,438.94M,540.35M,423.65M
HSY,2014-03,-152.28M,1.006B,1.000B,182.98M,0,1.16,1.11,761.82M,3.950B,871.49M,2014-03,678.76M,252.50M,-21.28M,-21.28M,1.909B,97.02M,1.794B,406.53M,1.261B,382.32M,129.83M,1.872B,464.96M,1.605B,5.429B,359.90M,2.545B,1.444B,3.760B,2.884B,2.315B,464.96M,637.62M,620.49M
HSY,2013-12,-166.57M,1.119B,1.099B,166.88M,0,0.85,0.82,828.31M,3.779B,857.39M,2013-12,659.54M,186.08M,-21.87M,-21.87M,1.805B,104.20M,1.795B,311.98M,1.241B,286.44M,100.36M,1.956B,545.41M,1.605B,5.357B,359.90M,2.487B,1.408B,3.741B,2.870B,2.333B,545.41M,541.42M,477.91M
HSY,2013-09,-318.79M,701.33M,998.34M,110.12M,0,1.07,1.03,781.27M,3.666B,855.55M,2013-09,762.64M,232.98M,-21.76M,-21.76M,1.720B,33.27M,1.796B,373.56M,1.151B,348.88M,115.89M,1.854B,481.99M,1.339B,5.078B,359.90M,2.376B,1.261B,3.727B,2.702B,2.467B,481.99M,520.22M,659.74M
HSY,2013-06,-380.66M,568.36M,789.94M,102.40M,0,0.73,0.7,781.40M,3.651B,718.57M,2013-06,778.99M,159.50M,-21.09M,-21.09M,1.709B,32.92M,1.794B,272.50M,981.81M,247.82M,88.32M,1.509B,446.07M,1.112B,4.697B,359.90M,1.999B,1.084B,3.575B,2.698B,2.491B,446.07M,417.73M,366.29M
HSY,2013-03,-376.34M,730.10M,978.09M,353.41M,0,1.11,1.06,795.81M,3.625B,849.34M,2013-03,626.64M,241.91M,-23.63M,-23.63M,1.705B,35.02M,1.540B,398.67M,1.139B,368.18M,126.28M,1.827B,450.67M,1.100B,4.846B,359.90M,2.180B,1.492B,3.733B,2.666B,2.241B,450.67M,518.24M,516.59M
HSY,2012-12,-385.08M,728.27M,995.83M,375.90M,0,0.69,0.66,802.72M,3.561B,755.21M,2012-12,633.26M,149.88M,-22.67M,-22.67M,1.674B,35.66M,1.531B,269.35M,1.095B,229.95M,80.07M,1.751B,485.86M,1.037B,4.755B,359.90M,2.113B,1.471B,3.706B,2.641B,2.235B,485.86M,444.31M,461.38M
HSY,2012-09,-335.24M,466.24M,1.004B,460.08M,0,0.8,0.77,815.08M,3.588B,742.76M,2012-09,726.49M,176.72M,-24.54M,-24.54M,1.618B,35.77M,1.516B,321.78M,1.093B,277.20M,100.48M,1.747B,420.97M,981.26M,4.738B,359.90M,2.136B,1.553B,3.741B,2.602B,2.188B,420.97M,447.91M,649.33M
HSY,2012-06,-395.53M,589.78M,795.92M,486.67M,0,0.62,0.59,808.49M,3.564B,618.52M,2012-06,791.80M,135.68M,-24.34M,-24.34M,1.583B,27.70M,1.499B,227.12M,960.30M,197.93M,62.24M,1.414B,391.40M,1.064B,4.668B,359.90M,2.094B,1.447B,3.582B,2.574B,2.135B,391.40M,390.40M,353.34M
HSY,2012-03,-396.30M,567.34M,988.67M,244.46M,0,0.91,0.87,820.66M,3.659B,743.40M,2012-03,649.45M,198.65M,-24.02M,-24.02M,1.586B,26.84M,1.749B,337.83M,1.079B,310.51M,111.86M,1.732B,405.56M,860.33M,4.599B,359.90M,2.012B,1.324B,3.714B,2.587B,2.390B,405.56M,481.14M,502.46M
HSY,2011-12,-442.33M,693.69M,935.94M,139.67M,0,0.63,0.62,628.66M,3.589B,631.21M,2011-12,648.95M,142.13M,-21.31M,-21.31M,1.560B,0,1.748B,234.05M,1.034B,207.70M,65.56M,1.567B,397.16M,857.32M,4.407B,359.90M,2.047B,1.174B,3.526B,2.361B,2.352B,397.16M,421.92M,399.50M
HSY,2011-09,-292.26M,292.34M,944.07M,139.41M,0,0.87,0.84,630.96M,3.507B,680.18M,2011-09,654.46M,196.70M,-23.04M,-23.04M,1.513B,0,1.499B,323.30M,1.042B,298.08M,101.38M,1.624B,356.88M,927.67M,4.131B,359.90M,1.814B,1.181B,3.176B,2.316B,1.994B,356.88M,430.25M,620.74M
HSY,2011-06,-205.82M,790.30M,760.85M,293.93M,0,0.57,0.55,649.78M,3.459B,564.32M,2011-06,659.22M,130.02M,-23.35M,-23.35M,1.494B,0,1.541B,228.35M,927.88M,205.00M,74.98M,1.325B,345.92M,1.012B,4.313B,359.90M,1.992B,1.222B,3.267B,2.321B,2.045B,335.97M,399.84M,296.95M
HSY,2011-03,-205.74M,752.27M,908.04M,285.50M,0,0.7,0.69,649.73M,3.375B,656.18M,2011-03,535.52M,160.12M,-24.48M,-24.48M,1.444B,0,1.541B,278.39M,1.005B,252.07M,91.96M,1.564B,377.80M,875.42M,4.235B,359.90M,1.955B,1.291B,3.326B,2.281B,2.035B,377.80M,381.50M,433.52M
