Ticker,Date,Accrued Comprehensive Inc,Cash and Short Term Investments,Cost of Goods Sold,Current Debt & Capital Lease Obligation,Current Deferred Liabilities,EPS Basic,EPS Diluted,Goodwill and Intangibles,Gross PP&E,Gross Profit,Income (Quarterly),Inventories,Net Income,Net Non-Operating Interest Income Expense,Net Operating Interest Income,Net PP&E,Non-Current Deferred Liabilities,Non-Current Portion of LTD and Capital Lease Obligation,Operating Income,Payables and Accrued Expenses,Pre-Tax Income,Provision for Income Taxes,Research and Development Expense,Revenue,SG&A Expense,Shareholders Equity,Total Assets,Total Capital Stock,Total Current Assets,Total Current Liabilities,Total Liabilities,Total Long Term Assets,Total Long Term Liabilities,Total Operating Expenses,Total Payables,Total Receivables
IBM,2021-03,-28.26B,11.13B,9.526B,6.535B,14.20B,1.07,1.06,73.52B,13.94B,8.204B,2021-03,1.828B,955.00M,-280.00M,-280.00M,13.94B,4.153B,54.58B,1.547B,6.78B,905.00M,-51.00M,1.63B,17.73B,5.174B,21.39B,148.63B,56.79B,34.04B,36.54B,127.12B,114.59B,90.57B,6.657B,6.78B,16.07B
IBM,2020-12,-29.34B,13.81B,9.844B,8.54B,12.83B,1.52,1.51,73.41B,37.86B,10.52B,2020-12,1.839B,1.355B,-302.00M,-302.00M,14.73B,9.773B,57.93B,1.96B,15.06B,1.289B,24.00M,1.611B,20.37B,6.97B,20.60B,155.97B,56.56B,39.16B,39.87B,135.24B,116.80B,95.38B,8.563B,8.209B,18.74B
IBM,2020-09,-28.58B,15.59B,9.13B,11.62B,11.68B,1.9,1.89,72.32B,37.15B,8.43B,2020-09,1.949B,1.697B,-308.00M,-308.00M,14.67B,3.82B,58.76B,2.403B,11.09B,1.827B,128.00M,1.515B,17.56B,4.372B,21.21B,154.13B,56.37B,39.84B,37.99B,132.79B,114.28B,94.80B,6.027B,6.36B,17.87B
IBM,2020-06,-28.76B,14.10B,9.423B,10.63B,12.47B,1.53,1.52,72.10B,36.44B,8.70B,2020-06,1.869B,1.361B,-300.00M,-300.00M,14.48B,3.787B,59.13B,2.073B,11.86B,1.571B,209.00M,1.582B,18.12B,4.894B,20.55B,154.20B,56.14B,39.95B,38.44B,133.51B,114.25B,95.07B,6.627B,7.346B,19.45B
IBM,2020-03,-29.28B,11.86B,9.649B,12.97B,13.38B,1.32,1.31,72.18B,35.96B,7.922B,2020-03,1.786B,1.175B,-275.00M,-275.00M,14.50B,3.769B,56.48B,459.00M,11.30B,-49.00M,-1.226B,1.625B,17.57B,5.614B,20.00B,153.40B,56.09B,38.93B,40.67B,133.28B,114.47B,92.60B,7.463B,6.52B,20.67B
IBM,2019-12,-28.60B,8.868B,10.68B,10.18B,12.03B,4.14,4.11,73.46B,37.02B,11.10B,2019-12,1.619B,3.67B,-306.00M,-306.00M,15.00B,9.081B,57.98B,4.317B,12.09B,3.993B,324.00M,1.596B,21.78B,5.103B,20.84B,152.19B,55.90B,38.42B,37.70B,131.20B,113.77B,93.50B,6.783B,7.735B,23.80B
IBM,2019-09,-29.09B,10.82B,9.692B,9.907B,11.22B,1.89,1.87,73.56B,36.57B,8.336B,2019-09,1.712B,1.672B,-369.00M,-369.00M,14.96B,3.382B,61.59B,1.924B,10.43B,1.522B,-151.00M,1.553B,18.03B,4.735B,17.96B,149.62B,55.81B,38.12B,35.07B,131.52B,111.50B,96.46B,6.412B,6.196B,20.96B
IBM,2019-06,-28.84B,46.27B,10.15B,15.91B,11.26B,2.82,2.81,38.01B,36.84B,9.01B,2019-06,1.745B,2.498B,-181.00M,-181.00M,15.20B,3.474B,62.39B,2.369B,11.62B,2.768B,269.00M,1.407B,19.16B,5.344B,17.64B,154.65B,55.40B,77.52B,42.35B,136.88B,77.14B,94.52B,6.641B,7.163B,24.74B
IBM,2019-03,-29.18B,18.01B,10.14B,11.56B,12.13B,1.79,1.78,39.24B,37.33B,8.043B,2019-03,1.771B,1.591B,-140.00M,-140.00M,15.31B,3.481B,43.32B,2.021B,12.15B,1.883B,289.00M,1.433B,18.18B,4.573B,16.48B,130.93B,55.29B,52.70B,38.87B,114.32B,78.22B,75.45B,6.022B,8.195B,27.94B
IBM,2018-12,-29.49B,12.00B,11.07B,10.21B,11.16B,2.17,2.15,39.35B,32.46B,10.69B,2018-12,1.682B,1.951B,-380.00M,-380.00M,10.79B,7.141B,35.60B,4.756B,13.54B,4.434B,2.481B,1.358B,21.76B,5.086B,16.80B,123.38B,55.15B,49.15B,38.23B,106.45B,74.24B,68.22B,5.931B,9.604B,30.56B
IBM,2018-09,-27.82B,14.50B,9.953B,10.93B,10.70B,2.95,2.94,39.66B,32.48B,8.803B,2018-09,1.893B,2.694B,-121.00M,-121.00M,10.95B,3.507B,35.99B,3.467B,11.59B,2.996B,304.00M,1.252B,18.76B,4.249B,19.78B,121.99B,54.99B,48.26B,36.82B,102.07B,73.73B,65.25B,5.336B,7.886B,27.09B
IBM,2018-06,-28.29B,11.71B,10.80B,7.646B,11.75B,2.63,2.61,39.83B,32.23B,9.199B,2018-06,1.742B,2.403B,-126.00M,-126.00M,11.02B,3.718B,37.85B,3.268B,12.36B,2.776B,373.00M,1.364B,20.00B,4.708B,18.52B,121.62B,54.83B,46.80B,35.44B,102.97B,74.83B,67.53B,5.931B,8.298B,28.34B
IBM,2018-03,-28.58B,12.84B,10.82B,5.976B,13.06B,1.82,1.81,40.25B,32.78B,8.247B,2018-03,1.753B,1.679B,-94.00M,-94.00M,11.28B,3.852B,40.41B,1.727B,13.41B,1.136B,-540.00M,1.405B,19.07B,5.322B,18.17B,125.28B,54.71B,49.12B,35.73B,107.00B,76.16B,71.26B,6.52B,8.654B,29.23B
IBM,2017-12,-26.59B,12.58B,11.49B,6.986B,11.55B,-1.14,-1.14,40.53B,32.33B,11.05B,2017-12,1.583B,-1.055B,-266.00M,-266.00M,11.12B,4.291B,39.84B,4.966B,15.18B,4.469B,5.522B,1.378B,22.54B,5.435B,17.59B,125.36B,54.57B,49.74B,37.36B,107.63B,75.62B,70.27B,6.083B,10.67B,31.63B
IBM,2017-09,-27.52B,11.52B,10.17B,4.299B,10.65B,2.93,2.92,40.76B,31.94B,8.981B,2017-09,1.711B,2.726B,-130.00M,-130.00M,11.06B,3.579B,41.33B,3.399B,12.83B,3.065B,339.00M,1.291B,19.15B,4.474B,19.63B,121.64B,54.40B,44.74B,31.70B,101.88B,76.90B,70.18B,5.582B,8.48B,27.13B
IBM,2017-06,-28.19B,12.30B,10.32B,8.061B,11.54B,2.49,2.48,40.70B,31.29B,8.968B,2017-06,1.604B,2.331B,-113.00M,-113.00M,10.90B,3.617B,37.61B,2.881B,12.50B,2.443B,111.00M,1.436B,19.29B,4.889B,18.42B,120.50B,54.24B,45.01B,35.97B,101.95B,75.48B,65.98B,6.087B,7.905B,26.96B
IBM,2017-03,-28.71B,10.70B,10.21B,8.34B,12.35B,1.86,1.85,40.74B,30.68B,7.944B,2017-03,1.609B,1.75B,-105.00M,-105.00M,10.86B,3.557B,34.44B,1.894B,12.59B,1.424B,-329.00M,1.484B,18.16B,4.881B,18.33B,117.50B,54.10B,42.89B,36.48B,99.05B,74.61B,62.57B,6.05B,8.071B,25.87B
IBM,2016-12,-29.40B,8.527B,10.66B,7.513B,11.04B,4.74,4.72,40.89B,30.13B,11.12B,2016-12,1.553B,4.501B,-125.00M,-125.00M,10.83B,4.024B,34.66B,5.451B,14.15B,4.985B,480.00M,1.406B,21.77B,4.647B,18.25B,117.47B,53.94B,43.89B,36.28B,99.08B,73.58B,62.80B,5.664B,9.444B,29.24B
IBM,2016-09,-28.16B,9.968B,10.21B,6.92B,10.82B,2.99,2.98,41.28B,30.84B,9.013B,2016-09,1.729B,2.853B,-136.00M,-136.00M,11.10B,3.611B,35.56B,3.38B,12.75B,3.263B,409.00M,1.397B,19.23B,4.628B,17.01B,115.61B,53.76B,41.43B,34.45B,98.45B,74.17B,64.00B,5.633B,7.408B,25.20B
IBM,2016-06,-28.60B,10.62B,10.54B,4.887B,11.51B,2.62,2.61,41.57B,30.14B,9.702B,2016-06,1.685B,2.505B,-138.00M,-138.00M,11.09B,3.837B,39.64B,3.279B,13.24B,3.049B,544.00M,1.465B,20.24B,5.187B,15.73B,118.06B,53.56B,43.52B,33.58B,102.17B,74.53B,68.58B,6.423B,7.759B,26.55B
IBM,2016-03,-29.00B,14.87B,9.999B,5.302B,12.61B,2.09,2.09,38.70B,29.63B,8.686B,2016-03,1.69B,2.013B,-123.00M,-123.00M,10.91B,3.662B,40.25B,1.53B,13.31B,1.034B,-983.00M,1.458B,18.68B,5.816B,14.92B,118.86B,53.44B,47.62B,34.66B,103.78B,71.24B,69.12B,7.156B,7.505B,26.73B
IBM,2015-12,-29.61B,8.194B,10.65B,6.461B,11.02B,4.6,4.59,35.51B,29.34B,11.41B,2015-12,1.551B,4.462B,-72.00M,-72.00M,10.72B,4.024B,33.43B,5.127B,13.23B,5.099B,638.00M,1.362B,22.06B,5.03B,14.26B,110.50B,53.26B,42.50B,34.27B,96.07B,67.99B,61.80B,6.279B,8.875B,28.55B
IBM,2015-09,-28.16B,9.568B,9.844B,7.539B,10.46B,3.03,3.01,33.05B,29.23B,9.436B,2015-09,1.613B,2.95B,-101.00M,-101.00M,10.66B,3.593B,32.12B,3.631B,11.95B,3.621B,659.00M,1.287B,19.28B,4.633B,13.29B,108.65B,53.22B,42.11B,33.73B,95.20B,66.54B,61.47B,5.805B,8.049B,25.11B
IBM,2015-06,-27.43B,8.76B,10.42B,5.329B,11.33B,3.51,3.5,33.47B,38.64B,10.39B,2015-06,1.912B,3.449B,-97.00M,-97.00M,10.70B,3.892B,33.34B,4.112B,14.88B,4.224B,698.00M,1.30B,20.81B,5.034B,13.68B,112.73B,53.06B,45.19B,35.54B,98.89B,67.54B,63.36B,6.278B,9.582B,27.91B
IBM,2015-03,-27.84B,8.804B,10.14B,4.532B,12.16B,2.36,2.35,32.86B,38.30B,9.452B,2015-03,1.97B,2.327B,-89.00M,-89.00M,10.51B,3.811B,34.30B,3.048B,15.62B,3.001B,585.00M,1.298B,19.59B,5.20B,12.14B,112.04B,52.93B,46.32B,35.64B,99.75B,65.72B,64.11B,6.404B,9.853B,27.85B
IBM,2014-12,-27.88B,8.476B,11.25B,5.731B,11.88B,5.54,5.51,33.66B,39.04B,12.86B,2014-12,2.103B,5.483B,-92.00M,-92.00M,10.77B,3.82B,34.99B,5.817B,17.94B,7.095B,1.579B,1.32B,24.11B,5.831B,11.87B,117.27B,52.67B,47.38B,39.58B,105.26B,69.90B,65.68B,7.045B,11.95B,31.83B
IBM,2014-09,-20.98B,9.565B,11.52B,12.88B,11.35B,0.02,0.02,34.42B,39.95B,10.87B,2014-09,2.356B,18.00M,-105.00M,-105.00M,11.07B,3.683B,32.82B,4.485B,14.12B,4.361B,906.00M,1.354B,22.40B,5.084B,14.26B,118.91B,52.45B,47.16B,42.31B,104.52B,71.74B,62.21B,6.389B,8.33B,28.00B
IBM,2014-06,-20.37B,9.72B,12.00B,12.46B,12.59B,4.14,4.12,35.15B,40.94B,12.04B,2014-06,2.338B,4.136B,-114.00M,-114.00M,13.75B,4.152B,34.01B,5.348B,13.34B,5.348B,1.096B,1.361B,24.05B,5.432B,17.38B,124.31B,52.16B,48.18B,42.43B,106.80B,76.13B,64.37B,6.696B,8.606B,30.08B
IBM,2014-03,-21.16B,9.704B,11.61B,9.312B,13.68B,2.3,2.29,34.91B,40.48B,10.63B,2014-03,2.456B,2.384B,-83.00M,-83.00M,13.68B,4.042B,34.67B,3.215B,14.40B,3.183B,653.00M,1.402B,22.24B,6.125B,16.61B,122.65B,51.94B,47.96B,41.06B,105.91B,74.69B,64.85B,7.412B,9.11B,29.66B
IBM,2013-12,-21.60B,11.07B,13.05B,6.863B,12.56B,5.77,5.73,35.06B,40.48B,14.34B,2013-12,2.31B,6.184B,-95.00M,-95.00M,13.82B,5.849B,32.86B,7.178B,16.84B,7.102B,885.00M,1.452B,27.39B,5.815B,22.79B,126.22B,51.59B,51.35B,40.15B,103.29B,74.87B,63.14B,7.159B,12.09B,31.84B
IBM,2013-09,-24.97B,10.23B,11.91B,7.702B,11.66B,3.7,3.68,34.88B,40.81B,11.43B,2013-09,2.492B,4.041B,-84.00M,-84.00M,13.88B,4.087B,28.48B,5.034B,15.65B,4.972B,832.00M,1.356B,23.34B,5.13B,19.88B,117.84B,51.20B,47.53B,39.22B,97.84B,70.31B,58.62B,6.395B,11.01B,28.33B
IBM,2013-06,-25.77B,10.36B,12.79B,7.83B,12.24B,2.93,2.91,32.26B,39.55B,12.13B,2013-06,2.389B,3.226B,-79.00M,-79.00M,13.36B,4.166B,26.29B,4.175B,16.74B,4.144B,918.00M,1.548B,24.92B,6.568B,17.76B,115.15B,50.89B,47.91B,41.04B,97.27B,67.24B,56.23B,7.957B,11.53B,28.84B
IBM,2013-03,-25.47B,11.99B,12.73B,8.725B,12.97B,2.72,2.7,32.63B,40.06B,10.68B,2013-03,2.421B,3.032B,-71.00M,-71.00M,13.60B,4.409B,24.67B,3.662B,16.46B,3.606B,574.00M,1.644B,23.41B,5.465B,19.09B,117.26B,50.52B,48.95B,42.12B,98.04B,68.31B,55.92B,7.016B,11.88B,28.20B
IBM,2012-12,-25.76B,11.13B,12.44B,9.182B,11.95B,5.19,5.13,33.03B,40.50B,15.23B,2012-12,2.287B,5.833B,-83.00M,-83.00M,14.00B,4.939B,24.09B,8.552B,17.75B,8.469B,2.241B,1.094B,27.67B,5.724B,18.86B,119.21B,50.11B,49.43B,43.62B,100.23B,69.78B,56.60B,6.678B,12.90B,30.58B
IBM,2012-09,-20.72B,12.25B,13.02B,9.334B,11.23B,3.36,3.33,31.83B,40.72B,11.73B,2012-09,2.586B,3.824B,-102.00M,-102.00M,14.03B,4.263B,24.33B,4.608B,14.20B,5.074B,1.251B,1.534B,24.75B,5.81B,21.54B,115.78B,49.60B,48.14B,39.50B,94.11B,67.64B,54.61B,7.124B,9.232B,26.76B
IBM,2012-06,-21.50B,11.19B,13.50B,7.669B,12.31B,3.38,3.34,31.39B,40.16B,12.28B,2012-06,2.758B,3.881B,-86.00M,-86.00M,13.86B,3.889B,24.77B,5.149B,14.27B,5.161B,1.28B,1.587B,25.78B,5.753B,20.47B,113.83B,49.16B,47.39B,38.90B,93.27B,66.44B,54.37B,7.132B,9.665B,26.86B
IBM,2012-03,-21.12B,12.34B,13.56B,6.293B,13.27B,2.65,2.61,31.11B,40.44B,11.12B,2012-03,2.754B,3.066B,-79.00M,-79.00M,13.94B,3.904B,25.76B,3.894B,14.28B,3.836B,769.00M,1.601B,24.67B,5.80B,20.70B,115.35B,48.80B,48.85B,38.21B,94.56B,66.50B,56.36B,7.224B,9.60B,26.84B
IBM,2011-12,-21.88B,11.92B,14.76B,8.465B,12.20B,4.68,4.62,29.61B,40.12B,14.72B,2011-12,2.595B,5.49B,-82.00M,-82.00M,13.88B,4.396B,22.86B,8.287B,16.36B,7.274B,1.784B,1.555B,29.49B,5.915B,20.14B,116.43B,48.13B,50.93B,42.12B,96.20B,65.51B,54.08B,6.435B,11.83B,29.56B
IBM,2011-09,-18.10B,11.30B,13.98B,6.071B,11.25B,3.23,3.19,27.95B,40.14B,12.17B,2011-09,2.663B,3.839B,-68.00M,-68.00M,13.89B,3.634B,24.09B,4.966B,13.88B,5.027B,1.188B,1.546B,26.16B,5.586B,22.29B,110.16B,47.56B,45.37B,36.03B,87.78B,64.78B,51.75B,7.207B,9.453B,24.99B
IBM,2011-06,-17.11B,11.76B,14.28B,7.858B,12.66B,3.04,3,28.82B,41.13B,12.38B,2011-06,2.573B,3.664B,-67.00M,-67.00M,14.24B,3.641B,21.92B,4.785B,14.62B,4.885B,1.221B,1.569B,26.67B,5.951B,23.13B,113.47B,46.98B,46.94B,39.84B,90.26B,66.54B,50.42B,7.60B,9.475B,26.38B
