Ticker,Date,Accrued Comprehensive Inc,Cash and Short Term Investments,Cost of Goods Sold,Current Debt & Capital Lease Obligation,Current Deferred Liabilities,EPS Basic,EPS Diluted,Goodwill and Intangibles,Gross PP&E,Gross Profit,Income (Quarterly),Net Income,Net Non-Operating Interest Income Expense,Net Operating Interest Income,Net PP&E,Non-Current Deferred Liabilities,Non-Current Portion of LTD and Capital Lease Obligation,Operating Income,Payables and Accrued Expenses,Pre-Tax Income,Provision for Income Taxes,Revenue,SG&A Expense,Shareholders Equity,Total Assets,Total Capital Stock,Total Current Assets,Total Current Liabilities,Total Liabilities,Total Long Term Assets,Total Long Term Liabilities,Total Operating Expenses,Total Payables,Total Receivables
ICE,2020-12,-192.00M,583.00M,901.00M,2.411B,158.00M,0.94,0.93,35.70B,3.464B,1.332B,2020-12,526.00M,-111.00M,-111.00M,1.713B,3.563B,14.45B,795.00M,1.192B,674.00M,146.00M,2.233B,280.00M,19.50B,126.20B,6.00M,87.22B,88.00B,106.67B,38.98B,18.67B,537.00M,846.00M,1.23B
ICE,2020-09,-273.00M,610.00M,817.00M,2.463B,267.00M,0.71,0.71,35.75B,3.042B,1.113B,2020-09,390.00M,-88.00M,-88.00M,1.693B,3.567B,15.18B,703.00M,921.00M,583.00M,189.00M,1.93B,230.00M,19.02B,128.08B,6.00M,89.14B,89.69B,109.03B,38.94B,19.34B,410.00M,647.00M,1.31B
ICE,2020-06,-321.00M,880.00M,844.00M,705.00M,383.00M,0.96,0.95,23.68B,2.507B,1.122B,2020-06,523.00M,-82.00M,-82.00M,1.51B,2.317B,7.977B,746.00M,1.035B,673.00M,145.00M,1.966B,219.00M,16.95B,124.06B,6.00M,97.44B,96.19B,107.07B,26.62B,10.87B,376.00M,836.00M,1.279B
ICE,2020-03,-333.00M,583.00M,834.00M,3.071B,504.00M,1.18,1.17,23.74B,0,1.281B,2020-03,650.00M,-66.00M,-66.00M,1.503B,2.312B,5.524B,894.00M,840.00M,836.00M,178.00M,2.115B,230.00M,16.94B,138.90B,6.00M,112.25B,113.53B,121.94B,26.65B,8.41B,387.00M,713.00M,1.569B
ICE,2019-12,-243.00M,841.00M,643.00M,2.569B,129.00M,0.81,0.8,23.60B,0,1.024B,2019-12,448.00M,-63.00M,-63.00M,1.536B,2.314B,5.531B,623.00M,934.00M,587.00M,134.00M,1.667B,212.00M,17.26B,94.49B,6.00M,67.98B,68.82B,77.21B,26.51B,8.391B,401.00M,643.00M,988.00M
ICE,2019-09,-348.00M,655.00M,588.00M,1.329B,247.00M,0.95,0.94,23.64B,0,1.075B,2019-09,529.00M,-64.00M,-64.00M,1.505B,2.281B,6.783B,706.00M,805.00M,640.00M,103.00M,1.663B,211.00M,17.16B,95.34B,6.00M,68.87B,68.53B,78.15B,26.47B,9.62B,369.00M,577.00M,1.056B
ICE,2019-06,-309.00M,837.00M,595.00M,1.303B,360.00M,0.84,0.84,23.75B,0,1.039B,2019-06,472.00M,-61.00M,-61.00M,1.525B,2.296B,6.792B,681.00M,862.00M,628.00M,150.00M,1.634B,201.00M,17.12B,90.93B,6.00M,64.37B,64.13B,73.78B,26.56B,9.653B,358.00M,685.00M,1.062B
ICE,2019-03,-290.00M,653.00M,561.00M,1.005B,479.00M,0.85,0.85,23.50B,0,1.022B,2019-03,484.00M,-62.00M,-62.00M,1.538B,2.308B,6.798B,665.00M,704.00M,626.00M,134.00M,1.583B,199.00M,17.11B,93.86B,6.00M,67.48B,67.04B,76.73B,26.37B,9.692B,357.00M,579.00M,1.181B
ICE,2018-12,-315.00M,724.00M,631.00M,951.00M,135.00M,1.07,1.07,23.55B,0,1.046B,2018-12,611.00M,-64.00M,-64.00M,1.241B,2.337B,6.49B,677.00M,906.00M,738.00M,119.00M,1.677B,212.00M,17.20B,92.79B,6.00M,66.69B,66.11B,75.56B,26.10B,9.452B,369.00M,626.00M,953.00M
ICE,2018-09,-274.00M,515.00M,514.00M,1.198B,249.00M,0.8,0.79,23.38B,0,949.00M,2018-09,458.00M,-60.00M,-60.00M,1.206B,2.275B,6.488B,608.00M,724.00M,554.00M,89.00M,1.463B,193.00M,16.83B,87.24B,6.00M,61.30B,61.06B,70.39B,25.95B,9.323B,341.00M,507.00M,1.02B
ICE,2018-06,-265.00M,532.00M,551.00M,2.645B,372.00M,0.79,0.78,22.71B,2.276B,1.005B,2018-06,455.00M,-50.00M,-50.00M,1.22B,2.284B,4.271B,670.00M,764.00M,611.00M,149.00M,1.556B,192.00M,16.80B,82.85B,6.00M,57.56B,58.89B,66.01B,25.29B,7.113B,335.00M,614.00M,1.049B
ICE,2018-03,-190.00M,523.00M,595.00M,2.623B,468.00M,0.8,0.79,22.84B,1.936B,985.00M,2018-03,464.00M,-48.00M,-48.00M,1.235B,2.292B,4.269B,662.00M,700.00M,617.00M,143.00M,1.58B,185.00M,16.98B,82.06B,6.00M,56.63B,57.95B,65.06B,25.43B,7.11B,323.00M,596.00M,1.167B
ICE,2017-12,-223.00M,535.00M,524.00M,1.833B,125.00M,2.1,2.08,22.48B,0,917.00M,2017-12,1.233B,-42.00M,-42.00M,1.246B,2.298B,4.267B,601.00M,817.00M,671.00M,-568.00M,1.441B,185.00M,16.96B,78.26B,6.00M,53.56B,54.18B,61.28B,24.70B,7.104B,316.00M,590.00M,903.00M
ICE,2017-09,-322.00M,435.00M,523.00M,1.197B,228.00M,0.63,0.63,22.07B,0,912.00M,2017-09,371.00M,-47.00M,-47.00M,1.192B,2.989B,4.865B,600.00M,643.00M,563.00M,186.00M,1.435B,184.00M,15.99B,79.12B,6.00M,55.24B,54.60B,63.10B,23.88B,8.499B,312.00M,459.00M,897.00M
ICE,2017-06,-367.00M,415.00M,552.00M,2.023B,338.00M,0.71,0.71,22.10B,0,944.00M,2017-06,419.00M,-45.00M,-45.00M,1.161B,2.915B,3.874B,618.00M,736.00M,567.00M,140.00M,1.496B,184.00M,15.90B,80.32B,6.00M,56.45B,56.82B,64.39B,23.88B,7.572B,326.00M,596.00M,912.00M
ICE,2017-03,-427.00M,381.00M,552.00M,2.376B,440.00M,0.85,0.84,22.66B,0,919.00M,2017-03,503.00M,-45.00M,-45.00M,1.132B,2.985B,3.872B,596.00M,645.00M,725.00M,214.00M,1.471B,189.00M,15.76B,79.46B,6.00M,55.07B,56.01B,63.68B,24.39B,7.67B,323.00M,541.00M,999.00M
ICE,2016-12,-344.00M,430.00M,591.00M,2.493B,114.00M,0.59,0.59,22.71B,0,906.00M,2016-12,360.00M,-41.00M,-41.00M,1.129B,2.958B,3.871B,582.00M,749.00M,544.00M,177.00M,1.497B,184.00M,15.72B,82.00B,6.00M,57.13B,58.62B,66.25B,24.87B,7.632B,324.00M,519.00M,777.00M
ICE,2016-09,-316.00M,482.00M,574.00M,1.585B,217.00M,0.58,0.57,22.37B,0,842.00M,2016-09,344.00M,-44.00M,-44.00M,1.08B,2.841B,4.72B,488.00M,598.00M,443.00M,93.00M,1.416B,173.00M,15.51B,76.30B,1.00M,51.84B,52.35B,60.75B,24.45B,8.398B,354.00M,416.00M,789.00M
ICE,2016-06,-258.00M,414.00M,611.00M,1.811B,330.00M,0.6,0.6,22.54B,0,893.00M,2016-06,357.00M,-44.00M,-44.00M,1.048B,2.903B,4.719B,571.00M,694.00M,516.00M,153.00M,1.504B,176.00M,15.29B,75.22B,1.00M,50.63B,51.44B,59.89B,24.59B,8.456B,322.00M,545.00M,862.00M
ICE,2016-03,-208.00M,493.00M,636.00M,2.048B,429.00M,0.62,0.62,22.73B,0,918.00M,2016-03,369.00M,-46.00M,-46.00M,1.018B,2.893B,4.718B,611.00M,603.00M,540.00M,163.00M,1.554B,164.00M,15.05B,79.16B,1.00M,54.55B,55.64B,64.08B,24.61B,8.444B,307.00M,496.00M,941.00M
ICE,2015-12,-188.00M,656.00M,510.00M,2.591B,98.00M,0.662,0.658,22.84B,1.623B,709.00M,2015-12,370.00M,-30.00M,-30.00M,1.037B,2.837B,4.717B,472.00M,729.00M,391.00M,18.00M,1.219B,139.00M,14.81B,77.99B,6.00M,53.31B,54.74B,63.15B,24.67B,8.404B,237.00M,514.00M,700.00M
ICE,2015-09,-191.00M,708.00M,521.00M,1.253B,186.00M,0.554,0.552,16.16B,1.301B,666.00M,2015-09,306.00M,-21.00M,-21.00M,904.00M,1.87B,2.247B,448.00M,458.00M,423.00M,113.00M,1.187B,124.00M,12.34B,65.86B,1.00M,48.05B,48.46B,53.49B,17.80B,5.028B,218.00M,328.00M,490.00M
ICE,2015-06,-68.00M,700.00M,443.00M,1.016B,294.00M,0.51,0.508,16.23B,1.175B,653.00M,2015-06,283.00M,-23.00M,-23.00M,911.00M,1.902B,2.247B,437.00M,613.00M,398.00M,109.00M,1.096B,123.00M,12.41B,63.10B,1.00M,45.13B,45.58B,50.66B,17.97B,5.081B,216.00M,492.00M,541.00M
ICE,2015-03,-153.00M,1.825B,481.00M,1.946B,367.00M,0.562,0.56,16.23B,0,699.00M,2015-03,315.00M,-23.00M,-23.00M,879.00M,1.913B,2.247B,481.00M,596.00M,441.00M,118.00M,1.18B,129.00M,12.30B,66.43B,1.00M,48.49B,48.80B,54.10B,17.94B,5.305B,218.00M,484.00M,608.00M
ICE,2014-12,-46.00M,1.852B,607.00M,2.042B,69.00M,0.512,0.508,16.32B,0,656.00M,2014-12,288.00M,-23.00M,-23.00M,874.00M,2.028B,2.235B,427.00M,751.00M,412.00M,118.00M,1.263B,140.00M,12.36B,68.25B,1.00M,50.23B,50.44B,55.86B,18.02B,5.426B,229.00M,546.00M,508.00M
ICE,2014-09,244.00M,1.879B,409.00M,1.889B,139.00M,0.362,0.36,16.22B,0,601.00M,2014-09,206.00M,-22.00M,-22.00M,839.00M,2.137B,2.247B,370.00M,467.00M,313.00M,90.00M,1.01B,148.00M,12.61B,67.29B,1.00M,49.38B,49.34B,54.64B,17.91B,5.306B,231.00M,282.00M,446.00M
ICE,2014-06,582.00M,2.083B,416.00M,1.683B,271.00M,0.392,0.39,16.54B,0,600.00M,2014-06,226.00M,-23.00M,-23.00M,845.00M,2.197B,2.248B,364.00M,447.00M,320.00M,93.00M,1.016B,155.00M,13.24B,68.48B,1.00M,50.19B,49.67B,55.20B,18.29B,5.533B,236.00M,293.00M,432.00M
ICE,2014-03,464.00M,1.021B,420.00M,1.297B,348.00M,0.456,0.454,18.89B,0,643.00M,2014-03,261.00M,-27.00M,-27.00M,898.00M,2.809B,3.584B,416.00M,549.00M,362.00M,101.00M,1.063B,147.00M,12.92B,65.92B,1.00M,45.25B,45.40B,52.98B,20.67B,7.572B,227.00M,357.00M,544.00M
ICE,2013-12,125.00M,1.035B,241.00M,1.135B,58.00M,-0.534,-0.534,18.51B,0,427.00M,2013-12,-176.00M,-27.00M,-27.00M,889.00M,2.594B,3.923B,274.00M,781.00M,-97.00M,23.00M,668.00M,97.00M,12.35B,64.42B,1.00M,44.27B,44.32B,52.04B,20.15B,7.72B,153.00M,477.00M,546.00M
ICE,2013-09,-117.45M,1.574B,60.00M,448.82M,0,0.388,0.384,2.766B,0,278.00M,2013-09,141.00M,-9.00M,-9.00M,201.67M,192.40M,341.76M,208.00M,198.46M,193.00M,48.00M,338.00M,35.00M,4.042B,48.88B,0.804M,45.39B,44.15B,44.81B,3.495B,668.43M,70.00M,155.82M,175.83M
ICE,2013-06,-158.45M,1.494B,67.00M,48.82M,0,0.422,0.418,2.737B,387.00M,305.00M,2013-06,154.00M,-10.00M,-10.00M,164.90M,205.41M,753.97M,233.00M,196.22M,217.00M,59.00M,372.00M,39.00M,3.847B,40.61B,0.804M,37.19B,35.64B,36.73B,3.429B,1.090B,72.00M,159.96M,185.78M
ICE,2013-03,-110.44M,1.391B,66.00M,48.82M,0,0.372,0.37,2.754B,344.79M,286.00M,2013-03,135.00M,-10.00M,-10.00M,154.82M,214.44M,861.68M,218.00M,165.14M,191.00M,54.00M,352.00M,36.00M,3.720B,38.86B,0.803M,35.38B,33.91B,35.11B,3.483B,1.201B,68.00M,145.00M,186.96M
ICE,2012-12,-52.00M,1.612B,56.40M,163.00M,0,0.356,0.352,2.737B,0,267.00M,2012-12,129.90M,-10.90M,-10.90M,144.00M,216.00M,969.00M,201.36M,125.00M,183.70M,50.89M,323.41M,31.60M,3.644B,37.22B,1.00M,33.75B,32.25B,33.54B,3.465B,1.292B,65.64M,70.00M,127.00M
ICE,2012-09,-27.10M,1.241B,61.82M,50.00M,0,0.36,0.358,2.753B,0,261.37M,2012-09,131.08M,-9.113M,-9.113M,140.93M,216.03M,800.00M,196.34M,167.62M,184.66M,50.55M,323.19M,32.17M,3.576B,37.54B,0.798M,34.03B,32.81B,33.93B,3.506B,1.124B,65.03M,120.60M,148.90M
ICE,2012-06,-81.48M,1.082B,64.70M,50.00M,0,0.394,0.39,2.730B,0,286.51M,2012-06,143.16M,-9.157M,-9.157M,137.68M,220.45M,812.50M,219.66M,147.72M,206.56M,61.27M,351.21M,34.74M,3.376B,39.50B,0.797M,36.06B,34.96B,36.10B,3.446B,1.142B,66.85M,109.74M,175.19M
ICE,2012-03,70.95M,968.38M,68.08M,50.00M,0,0.408,0.404,2.761B,0,297.12M,2012-03,147.86M,-9.828M,-9.828M,133.25M,232.43M,825.00M,228.64M,166.99M,215.08M,65.30M,365.19M,36.49M,3.373B,36.12B,0.797M,32.51B,31.55B,32.72B,3.617B,1.166B,68.47M,142.34M,178.84M
ICE,2011-12,-21.25M,822.95M,62.05M,50.00M,0,0.35,0.346,2.757B,0,264.68M,2011-12,127.10M,-10.60M,-10.60M,130.96M,235.89M,837.50M,195.99M,146.83M,183.97M,53.44M,326.72M,35.75M,3.122B,36.15B,0.792M,32.61B,31.80B,32.99B,3.542B,1.185B,68.69M,88.58M,136.33M
ICE,2011-09,-74.67M,34.96B,64.14M,231.50M,0,0.362,0.36,2.774B,0,276.64M,2011-09,132.63M,-7.74M,-7.74M,99.11M,240.67M,370.00M,209.50M,128.96M,196.05M,59.10M,340.78M,34.05M,2.974B,38.67B,0.791M,35.22B,34.93B,35.66B,3.444B,726.90M,67.15M,128.96M,159.22M
ICE,2011-06,58.08M,756.67M,62.18M,289.92M,0,0.33,0.328,2.839B,0,263.04M,2011-06,121.36M,-6.909M,-6.909M,99.46M,265.22M,274.62M,196.76M,147.29M,183.69M,59.32M,325.22M,33.45M,3.049B,31.04B,0.789M,27.93B,27.37B,27.95B,3.109B,581.31M,66.28M,108.85M,165.76M
ICE,2011-03,60.27M,694.26M,61.64M,284.95M,0,0.352,0.348,2.848B,0,272.64M,2011-03,128.90M,-6.755M,-6.755M,94.78M,271.54M,348.03M,206.76M,141.49M,196.29M,66.14M,334.28M,32.75M,2.937B,28.62B,0.787M,25.51B,24.99B,25.65B,3.116B,665.13M,65.88M,117.54M,165.24M
