Ticker,Date,Accrued Comprehensive Inc,Cash and Short Term Investments,Cost of Goods Sold,Current Debt & Capital Lease Obligation,Current Deferred Liabilities,EPS Basic,EPS Diluted,Goodwill and Intangibles,Gross PP&E,Gross Profit,Income (Quarterly),Inventories,Net Income,Net Non-Operating Interest Income Expense,Net Operating Interest Income,Net PP&E,Non-Current Deferred Liabilities,Non-Current Portion of LTD and Capital Lease Obligation,Operating Income,Payables and Accrued Expenses,Pre-Tax Income,Provision for Income Taxes,Research and Development Expense,Revenue,SG&A Expense,Shareholders Equity,Total Assets,Total Capital Stock,Total Current Assets,Total Current Liabilities,Total Liabilities,Total Long Term Assets,Total Long Term Liabilities,Total Operating Expenses,Total Payables,Total Receivables
IDXX,2020-12,-53.62M,383.93M,311.44M,67.72M,42.57M,2.04,2.01,295.89M,1.233B,409.50M,2020-12,209.87M,174.79M,-7.659M,-7.659M,646.34M,57.87M,935.53M,185.10M,304.82M,177.44M,2.478M,38.78M,720.94M,185.63M,632.09M,2.295B,10.65M,1.063B,582.76M,1.662B,1.232B,1.079B,224.41M,117.23M,374.74M
IDXX,2020-09,-61.92M,175.59M,299.18M,66.58M,42.60M,1.71,1.69,291.57M,632.36M,422.61M,2020-09,217.60M,146.22M,-7.902M,-7.902M,632.36M,75.82M,923.97M,171.86M,284.63M,163.95M,17.63M,37.52M,721.79M,213.23M,440.58M,2.047B,10.63M,868.68M,526.84M,1.606B,1.179B,1.079B,250.75M,111.95M,382.00M
IDXX,2020-06,-57.03M,105.29M,258.25M,138.07M,36.32M,1.75,1.72,291.04M,633.30M,379.34M,2020-06,229.38M,148.94M,-9.426M,-9.426M,633.30M,94.36M,968.16M,193.25M,260.01M,183.82M,34.83M,31.64M,637.59M,154.45M,272.96M,1.961B,10.60M,779.61M,540.58M,1.687B,1.181B,1.147B,186.09M,129.59M,354.95M
IDXX,2020-03,-55.25M,81.40M,266.75M,502.32M,38.03M,1.31,1.29,291.16M,624.77M,359.59M,2020-03,211.64M,111.83M,-7.552M,-7.552M,624.77M,87.95M,762.71M,144.32M,234.33M,136.77M,24.92M,33.31M,626.34M,181.96M,107.67M,1.886B,10.59M,721.35M,846.24M,1.778B,1.165B,931.95M,215.26M,107.56M,333.80M
IDXX,2019-12,-46.18M,90.33M,274.30M,304.05M,41.46M,1.05,1.04,298.19M,1.133B,331.15M,2019-12,195.02M,90.50M,-7.125M,-7.125M,614.45M,81.77M,766.38M,115.63M,252.66M,108.51M,17.96M,35.16M,605.45M,180.36M,177.47M,1.832B,10.57M,679.64M,725.34M,1.655B,1.153B,929.31M,215.52M,103.28M,307.49M
IDXX,2019-09,-45.56M,104.00M,260.35M,244.30M,42.99M,1.26,1.24,247.83M,575.56M,344.95M,2019-09,204.89M,108.84M,-7.004M,-7.004M,575.56M,82.08M,762.98M,139.80M,240.98M,132.80M,23.96M,34.26M,605.30M,170.89M,202.42M,1.751B,10.56M,703.38M,626.63M,1.549B,1.048B,922.13M,205.15M,101.88M,304.07M
IDXX,2019-06,-40.58M,110.84M,262.25M,266.53M,43.45M,1.46,1.43,253.15M,551.54M,357.85M,2019-06,196.88M,125.71M,-8.153M,-8.153M,551.54M,84.54M,769.88M,164.28M,222.87M,156.12M,30.42M,32.26M,620.10M,161.32M,171.25M,1.724B,10.55M,712.30M,618.91M,1.553B,1.012B,933.78M,193.58M,93.23M,321.91M
IDXX,2019-03,-40.02M,116.62M,244.46M,360.93M,43.35M,1.19,1.17,254.02M,529.70M,331.60M,2019-03,189.47M,102.68M,-8.346M,-8.346M,529.70M,88.63M,768.29M,133.14M,224.99M,124.79M,22.08M,31.51M,576.06M,166.94M,51.56M,1.681B,10.54M,697.65M,689.62M,1.629B,983.32M,939.48M,198.46M,106.47M,306.64M
IDXX,2018-12,-41.79M,123.79M,249.02M,398.94M,41.29M,0.99,0.98,256.31M,906.00M,300.36M,2018-12,173.30M,85.64M,-8.302M,-8.302M,437.27M,89.96M,601.35M,115.35M,220.73M,107.04M,21.37M,30.14M,549.39M,154.88M,-9.513M,1.537B,10.51M,654.17M,770.44M,1.547B,883.18M,776.14M,185.01M,96.14M,272.62M
IDXX,2018-09,-42.19M,146.88M,239.80M,414.50M,41.15M,1.07,1.05,258.47M,0,305.64M,2018-09,179.68M,93.25M,-8.311M,-8.311M,409.98M,102.45M,602.42M,117.35M,216.70M,109.04M,15.82M,29.19M,545.45M,159.10M,-1.604M,1.545B,10.50M,704.20M,759.54M,1.546B,840.33M,786.36M,188.29M,93.54M,295.69M
IDXX,2018-06,-42.56M,174.56M,248.31M,437.00M,40.92M,1.25,1.23,235.01M,811.64M,332.44M,2018-06,176.49M,108.69M,-8.285M,-8.285M,394.02M,100.82M,603.13M,145.59M,217.00M,137.31M,28.63M,29.51M,580.75M,157.34M,-41.13M,1.521B,10.48M,739.83M,774.32M,1.562B,780.85M,787.22M,186.84M,93.12M,312.88M
IDXX,2018-03,-34.21M,159.23M,234.56M,407.50M,40.54M,1.02,1.01,242.92M,742.59M,303.10M,2018-03,179.04M,89.45M,-8.695M,-8.695M,384.25M,96.06M,609.00M,113.04M,221.71M,104.35M,14.87M,29.02M,537.66M,161.03M,-49.27M,1.469B,10.47M,701.71M,728.84M,1.518B,767.78M,789.64M,190.06M,96.86M,291.16M
IDXX,2017-12,-36.47M,471.93M,233.65M,655.00M,29.18M,0.44,0.43,243.72M,0,272.47M,2017-12,164.32M,38.26M,-8.122M,-8.122M,379.10M,60.90M,606.08M,97.81M,217.44M,89.69M,51.40M,28.81M,506.12M,145.86M,-54.11M,1.713B,10.43M,971.98M,1.005B,1.767B,741.43M,762.69M,174.67M,96.36M,270.07M
IDXX,2017-09,-34.65M,454.10M,217.97M,686.25M,29.20M,0.81,0.79,244.77M,0,274.00M,2017-09,176.75M,70.51M,-8.364M,-8.364M,367.51M,67.45M,604.15M,100.41M,201.40M,92.05M,21.54M,27.58M,491.98M,146.00M,-48.62M,1.669B,10.41M,942.72M,996.54M,1.718B,726.61M,721.18M,173.59M,85.44M,248.60M
IDXX,2017-06,-38.39M,422.90M,216.22M,704.00M,28.71M,0.97,0.95,242.76M,0,292.72M,2017-06,169.69M,85.36M,-7.979M,-7.979M,364.78M,71.63M,600.89M,122.56M,196.60M,114.58M,29.18M,27.00M,508.94M,143.15M,-86.34M,1.637B,10.40M,918.66M,1.001B,1.723B,718.48M,721.75M,170.15M,81.24M,265.84M
IDXX,2017-03,-38.38M,400.34M,203.83M,671.00M,28.06M,0.78,0.77,226.29M,0,258.19M,2017-03,172.18M,69.02M,-7.506M,-7.506M,361.23M,73.04M,594.87M,92.24M,187.76M,84.74M,15.68M,25.79M,462.02M,140.16M,-74.09M,1.572B,10.37M,878.59M,936.08M,1.646B,693.50M,709.93M,165.95M,83.52M,245.57M
IDXX,2016-12,-43.05M,391.85M,202.37M,611.00M,27.38M,0.59,0.58,224.38M,0,240.63M,2016-12,158.03M,52.37M,-6.698M,-6.698M,357.42M,72.30M,593.11M,83.82M,205.08M,77.13M,24.76M,25.42M,443.00M,131.38M,-108.35M,1.531B,10.33M,845.58M,934.57M,1.639B,685.12M,704.35M,156.80M,84.03M,232.17M
IDXX,2016-09,-35.08M,391.47M,201.58M,488.00M,26.01M,0.63,0.62,228.52M,0,246.73M,2016-09,168.47M,56.46M,-6.935M,-6.935M,349.66M,51.44M,599.14M,88.46M,171.98M,81.52M,25.07M,25.67M,448.31M,132.60M,54.85M,1.500B,10.31M,828.10M,760.21M,1.445B,672.27M,685.18M,158.27M,65.67M,217.56M
IDXX,2016-06,-35.46M,370.20M,206.03M,558.00M,25.85M,0.75,0.74,230.39M,0,260.54M,2016-06,175.69M,67.20M,-7.276M,-7.276M,347.16M,46.68M,597.96M,104.16M,173.96M,96.89M,29.68M,25.41M,466.57M,130.97M,-8.638M,1.489B,10.28M,821.11M,822.78M,1.498B,668.13M,674.96M,156.38M,70.50M,225.42M
IDXX,2016-03,-37.52M,350.57M,190.01M,622.00M,25.94M,0.51,0.51,235.20M,0,227.54M,2016-03,183.76M,46.02M,-7.484M,-7.484M,343.01M,43.38M,600.02M,73.79M,184.04M,66.31M,20.28M,24.62M,417.55M,129.12M,-73.92M,1.479B,10.26M,809.01M,878.67M,1.552B,669.64M,673.77M,153.74M,77.27M,225.29M
IDXX,2015-12,-42.26M,342.58M,181.99M,573.00M,25.58M,0.49,0.48,234.84M,678.62M,217.70M,2015-12,188.83M,44.35M,-7.126M,-7.126M,333.03M,76.44M,597.08M,66.91M,181.15M,59.78M,15.40M,25.50M,399.68M,125.29M,-84.12M,1.475B,10.26M,821.63M,856.76M,1.559B,653.36M,702.23M,150.78M,71.61M,200.11M
IDXX,2015-09,-37.49M,349.55M,182.11M,542.50M,24.91M,0.48,0.48,239.04M,603.94M,224.27M,2015-09,192.40M,44.22M,-7.066M,-7.066M,320.34M,62.03M,599.56M,80.11M,184.73M,64.83M,20.60M,24.86M,406.39M,119.30M,-38.89M,1.477B,10.21M,833.40M,824.77M,1.516B,643.81M,691.25M,144.17M,78.67M,201.83M
IDXX,2015-06,-22.28M,344.02M,180.59M,498.00M,28.78M,0.61,0.6,237.22M,550.02M,232.76M,2015-06,184.50M,56.91M,-6.70M,-6.70M,326.04M,63.13M,598.92M,88.30M,195.17M,81.60M,24.66M,24.32M,413.34M,120.14M,8.468M,1.477B,10.24M,833.03M,775.43M,1.469B,644.34M,693.39M,144.45M,87.55M,212.35M
IDXX,2015-03,-24.05M,321.38M,166.93M,549.50M,31.82M,0.49,0.49,236.84M,0,215.54M,2015-03,173.37M,46.59M,-5.879M,-5.879M,309.83M,62.46M,500.00M,72.80M,171.85M,66.92M,20.35M,25.01M,382.48M,117.74M,34.02M,1.431B,10.23M,808.91M,803.44M,1.397B,622.10M,593.49M,142.74M,73.61M,216.20M
IDXX,2014-12,-8.071M,322.54M,169.79M,549.00M,31.81M,0.27,0.27,249.57M,0,182.16M,2014-12,160.34M,25.96M,-4.939M,-4.939M,303.59M,63.35M,350.00M,34.80M,164.86M,29.86M,3.911M,24.87M,351.96M,122.50M,117.52M,1.384B,10.20M,759.40M,820.91M,1.267B,624.81M,445.72M,147.36M,73.18M,181.31M
IDXX,2014-09,1.99M,292.74M,170.19M,375.00M,29.56M,0.52,0.52,235.75M,0,213.34M,2014-09,156.01M,52.14M,-3.981M,-3.981M,291.70M,49.31M,350.00M,72.19M,155.18M,68.21M,16.04M,24.85M,383.52M,116.30M,229.39M,1.291B,10.17M,702.62M,630.26M,1.061B,588.01M,430.90M,141.15M,75.57M,160.47M
IDXX,2014-06,15.03M,305.05M,171.60M,384.00M,27.68M,0.56,0.55,237.17M,0,218.52M,2014-06,145.40M,57.22M,-2.477M,-2.477M,286.71M,49.25M,150.00M,83.22M,134.04M,80.74M,23.50M,25.43M,390.12M,109.87M,452.87M,1.283B,10.16M,701.71M,600.35M,830.26M,581.49M,229.91M,135.30M,57.19M,168.64M
IDXX,2014-03,14.44M,286.20M,158.11M,316.05M,23.81M,0.45,0.445,237.75M,0,202.10M,2014-03,141.13M,46.58M,-2.303M,-2.303M,282.23M,51.05M,150.09M,70.05M,129.21M,67.74M,21.15M,23.11M,360.20M,108.94M,512.22M,1.262B,10.16M,683.17M,517.17M,750.07M,579.16M,232.90M,132.05M,58.18M,179.92M
IDXX,2013-12,13.62M,279.06M,165.41M,278.04M,21.46M,0.415,0.41,239.36M,0,188.66M,2013-12,133.43M,43.26M,-1.369M,-1.369M,281.21M,52.38M,150.36M,61.33M,116.39M,59.96M,16.72M,22.50M,354.07M,104.84M,518.19M,1.231B,10.12M,652.71M,478.35M,712.30M,577.81M,233.95M,127.34M,46.45M,172.95M
IDXX,2013-09,15.56M,264.81M,152.51M,398.22M,22.44M,0.435,0.43,242.38M,0,185.78M,2013-09,145.99M,45.69M,-1.007M,-1.007M,274.16M,37.99M,0.624M,65.48M,115.29M,64.48M,18.79M,21.57M,338.30M,98.73M,534.85M,1.195B,10.08M,625.22M,592.95M,660.34M,570.02M,67.39M,120.30M,48.02M,151.57M
IDXX,2013-06,10.49M,251.01M,154.88M,368.64M,21.98M,0.505,0.495,229.51M,478.31M,197.70M,2013-06,140.94M,54.00M,-0.735M,-0.735M,266.49M,36.16M,0.884M,78.76M,118.19M,78.03M,24.03M,22.18M,352.58M,96.75M,549.55M,1.164B,10.07M,614.90M,551.67M,614.48M,549.17M,62.81M,118.94M,50.31M,159.12M
IDXX,2013-03,11.69M,228.36M,148.13M,261.12M,21.27M,0.41,0.405,233.50M,422.35M,183.97M,2013-03,148.24M,44.86M,-0.391M,-0.391M,253.74M,35.81M,1.141M,61.19M,118.11M,60.80M,15.93M,21.76M,332.11M,101.03M,631.25M,1.133B,10.06M,594.40M,439.58M,501.34M,538.24M,61.77M,122.79M,48.89M,158.99M
IDXX,2012-12,15.95M,223.99M,150.49M,213.11M,20.19M,0.395,0.39,237.83M,0,169.05M,2012-12,140.95M,43.35M,-0.343M,-0.343M,245.18M,35.72M,1.394M,63.43M,119.63M,63.08M,19.72M,21.05M,319.54M,84.57M,636.22M,1.104B,10.02M,569.54M,406.33M,467.34M,534.06M,61.01M,105.62M,50.23M,138.32M
IDXX,2012-09,14.58M,221.44M,144.84M,232.96M,16.49M,0.39,0.38,237.98M,0,170.64M,2012-09,147.47M,42.85M,-0.40M,-0.40M,231.64M,35.31M,1.776M,62.91M,115.59M,62.51M,19.64M,20.35M,315.48M,87.37M,617.51M,1.093B,9.991M,570.77M,415.85M,475.82M,522.58M,59.97M,107.72M,46.62M,141.37M
IDXX,2012-06,8.858M,201.81M,150.96M,244.94M,16.02M,0.465,0.455,235.56M,0,184.69M,2012-06,143.70M,51.32M,-0.446M,-0.446M,220.58M,34.94M,2.021M,75.82M,117.91M,75.37M,24.05M,20.06M,335.65M,88.81M,589.93M,1.067B,9.97M,555.31M,419.15M,477.38M,512.01M,58.22M,108.87M,49.72M,147.16M
IDXX,2012-03,19.48M,185.49M,147.90M,254.93M,15.65M,0.37,0.36,243.53M,0,174.77M,2012-03,141.10M,40.74M,-0.757M,-0.757M,216.93M,34.66M,2.263M,60.41M,128.44M,59.65M,18.92M,20.56M,322.68M,93.81M,566.88M,1.061B,9.957M,544.87M,437.28M,494.22M,516.24M,56.94M,114.37M,61.27M,160.98M
IDXX,2011-12,15.44M,183.90M,148.32M,243.92M,15.03M,0.34,0.335,241.82M,0,158.88M,2011-12,133.10M,38.01M,-0.603M,-0.603M,216.78M,34.11M,2.501M,55.30M,126.56M,54.70M,16.70M,20.20M,307.20M,83.38M,539.58M,1.031B,9.923M,524.23M,436.88M,491.22M,506.59M,54.34M,103.58M,54.20M,141.28M
IDXX,2011-09,18.71M,181.50M,142.29M,154.90M,13.64M,0.34,0.33,200.62M,0,158.67M,2011-09,137.14M,38.51M,-0.478M,-0.478M,213.87M,28.85M,2.735M,56.10M,118.76M,55.62M,17.12M,19.41M,300.95M,83.16M,585.94M,969.20M,9.91M,510.75M,336.37M,383.23M,458.45M,46.86M,102.57M,47.67M,134.92M
IDXX,2011-06,26.47M,159.40M,143.83M,133.44M,12.91M,0.425,0.415,207.24M,0,174.03M,2011-06,133.93M,48.66M,-0.363M,-0.363M,210.16M,27.71M,2.966M,71.30M,112.46M,70.94M,22.28M,18.62M,317.86M,84.11M,608.77M,950.58M,9.884M,493.57M,298.14M,341.76M,457.00M,43.63M,102.74M,41.13M,149.31M
IDXX,2011-03,19.59M,153.46M,137.75M,127.47M,14.12M,0.32,0.31,207.21M,0,154.92M,2011-03,127.05M,36.61M,-0.359M,-0.359M,202.75M,24.52M,3.194M,53.53M,94.80M,53.17M,16.57M,17.81M,292.67M,83.58M,596.87M,909.48M,9.856M,465.44M,272.57M,312.57M,444.04M,40.00M,101.39M,31.55M,137.55M
