Ticker,Date,Accrued Comprehensive Inc,Cash and Short Term Investments,Cost of Goods Sold,Current Debt & Capital Lease Obligation,Current Deferred Liabilities,EPS Basic,EPS Diluted,Goodwill and Intangibles,Gross PP&E,Gross Profit,Income (Quarterly),Inventories,Net Income,Net Non-Operating Interest Income Expense,Net Operating Interest Income,Net PP&E,Non-Current Deferred Liabilities,Non-Current Portion of LTD and Capital Lease Obligation,Operating Income,Payables and Accrued Expenses,Pre-Tax Income,Provision for Income Taxes,Research and Development Expense,Revenue,SG&A Expense,Shareholders Equity,Total Assets,Total Capital Stock,Total Current Assets,Total Current Liabilities,Total Liabilities,Total Long Term Assets,Total Long Term Liabilities,Total Operating Expenses,Total Payables,Total Receivables
INCY,2020-12,-15.36M,1.801B,36.30M,14.96M,0,0.68,0.68,327.88M,732.45M,753.21M,2020-12,16.42M,149.85M,-0.428M,-0.428M,588.08M,0,32.57M,167.84M,320.68M,168.10M,18.25M,405.94M,789.51M,167.00M,2.611B,3.561B,0.219M,2.360B,631.20M,949.65M,1.201B,318.46M,585.37M,98.77M,481.99M
INCY,2020-09,-9.748M,1.735B,34.30M,24.59M,0,-0.07,-0.07,333.27M,664.61M,586.34M,2020-09,17.01M,-15.20M,-0.544M,-0.544M,527.46M,0,32.85M,12.44M,310.17M,-3.508M,11.70M,438.11M,620.64M,120.80M,2.391B,3.307B,0.219M,2.159B,606.20M,916.60M,1.148B,310.40M,573.90M,122.51M,356.18M
INCY,2020-06,-12.42M,1.589B,33.40M,29.84M,0,1.33,1.32,338.65M,612.35M,654.64M,2020-06,16.34M,290.30M,-0.60M,-0.60M,481.91M,0,31.92M,236.79M,263.91M,307.26M,16.97M,286.60M,688.04M,118.00M,2.345B,3.212B,0.218M,2.078B,556.51M,867.72M,1.135B,311.20M,417.85M,90.91M,420.25M
INCY,2020-03,-13.11M,1.303B,27.32M,28.46M,0,-3.33,-3.33,344.04M,566.99M,541.19M,2020-03,13.98M,-720.64M,-0.602M,-0.602M,438.66M,0,31.96M,-657.38M,211.98M,-704.08M,16.57M,1.085B,568.51M,111.15M,1.938B,2.752B,0.217M,1.716B,503.41M,814.70M,1.036B,311.29M,1.199B,60.94M,351.52M
INCY,2019-12,-15.54M,2.118B,32.20M,28.31M,0,0.51,0.51,349.42M,528.50M,547.19M,2019-12,11.40M,111.00M,-0.607M,-0.607M,406.62M,0,31.92M,98.12M,245.58M,126.00M,15.00M,312.87M,579.39M,136.20M,2.598B,3.427B,0.216M,2.481B,513.34M,828.34M,945.26M,315.00M,449.07M,83.65M,308.81M
INCY,2019-09,-8.614M,1.986B,30.00M,11.14M,0,0.6,0.59,354.80M,503.46M,521.58M,2019-09,7.365M,128.27M,-0.597M,-0.597M,376.94M,0,49.81M,137.64M,217.24M,148.02M,19.75M,281.34M,551.58M,102.60M,2.423B,3.215B,0.215M,2.320B,461.68M,792.29M,895.22M,330.61M,383.94M,95.38M,276.12M
INCY,2019-06,-8.965M,1.696B,29.40M,0.791M,0,0.49,0.48,360.19M,485.88M,500.53M,2019-06,6.527M,105.32M,-0.316M,-0.316M,369.47M,0,49.50M,105.27M,165.55M,108.67M,3.353M,289.36M,529.93M,105.90M,2.247B,2.948B,0.215M,2.059B,367.10M,700.44M,889.01M,333.34M,395.26M,66.18M,302.68M
INCY,2019-03,-9.247M,1.581B,22.59M,0,0,0.48,0.47,365.57M,451.79M,475.27M,2019-03,7.129M,102.31M,-0.335M,-0.335M,338.33M,0,17.65M,80.74M,156.40M,104.10M,1.785M,270.54M,497.86M,123.98M,2.086B,2.754B,0.214M,1.904B,364.52M,668.59M,849.66M,304.08M,394.53M,70.36M,244.08M
INCY,2018-12,-10.16M,1.438B,26.37M,18.70M,0,0.32,0.32,370.96M,422.98M,502.04M,2018-12,6.967M,69.06M,-0.355M,-0.355M,319.75M,0,17.43M,89.44M,227.55M,70.72M,1.654M,304.24M,528.40M,108.36M,1.926B,2.646B,0.213M,1.832B,425.28M,719.80M,813.51M,294.52M,412.60M,103.83M,307.60M
INCY,2018-09,-9.522M,1.375B,24.80M,7.648M,0,0.14,0.14,376.34M,396.66M,424.89M,2018-09,5.993M,29.18M,-0.405M,-0.405M,300.77M,0,17.22M,35.84M,327.15M,30.98M,1.80M,292.53M,449.68M,96.52M,1.803B,2.520B,0.213M,1.700B,422.49M,717.05M,819.59M,294.56M,389.05M,95.48M,247.74M
INCY,2018-06,-9.809M,1.198B,24.86M,7.554M,2.868M,0.25,0.24,381.72M,355.37M,496.66M,2018-06,5.869M,52.39M,-0.398M,-0.398M,267.59M,0,17.02M,90.54M,289.48M,54.01M,1.614M,298.09M,521.52M,108.03M,1.733B,2.397B,0.212M,1.598B,368.24M,664.23M,799.07M,296.00M,406.12M,75.56M,316.31M
INCY,2018-03,-10.12M,1.171B,18.11M,7.46M,6.083M,-0.19,-0.19,387.11M,346.05M,364.18M,2018-03,4.632M,-41.14M,-0.385M,-0.385M,264.61M,0,16.81M,-60.42M,294.09M,-40.35M,0.786M,303.10M,382.28M,121.50M,1.628B,2.306B,0.212M,1.470B,381.07M,677.97M,836.46M,296.90M,424.60M,74.12M,220.19M
INCY,2017-12,-7.01M,1.170B,22.36M,7.393M,9.297M,-0.71,-0.71,392.49M,334.43M,421.80M,2017-12,6.482M,-149.63M,-0.373M,-0.373M,259.76M,0,16.61M,-122.80M,199.17M,-148.28M,1.352M,446.87M,444.16M,97.73M,1.631B,2.303B,0.211M,1.505B,375.40M,671.95M,797.73M,296.56M,544.60M,67.67M,266.30M
INCY,2017-09,12.51M,1.281B,22.04M,0,0,0.17,0.17,397.88M,315.90M,359.50M,2017-09,3.261M,36.05M,-0.204M,-0.204M,246.82M,0,23.71M,-1.324M,234.33M,43.35M,7.30M,269.56M,381.53M,91.26M,1.758B,2.374B,0.211M,1.541B,319.94M,616.55M,832.98M,296.62M,360.82M,69.93M,198.34M
INCY,2017-06,10.97M,608.61M,20.26M,0,0,-0.06,-0.06,415.26M,281.74M,306.18M,2017-06,2.93M,-12.48M,-0.384M,-0.384M,218.88M,0,23.43M,14.33M,219.48M,-9.384M,3.10M,201.79M,326.44M,90.07M,1.027B,1.639B,0.205M,844.80M,293.16M,612.61M,794.64M,319.45M,291.85M,69.09M,169.52M
INCY,2017-03,5.377M,511.96M,14.82M,0,0,-0.96,-0.96,420.65M,249.55M,369.26M,2017-03,3.961M,-187.08M,-5.939M,-5.939M,193.21M,0,41.60M,-125.89M,228.57M,-197.98M,-10.90M,407.92M,384.08M,87.23M,965.93M,1.607B,0.205M,819.18M,304.72M,641.41M,788.17M,336.70M,495.15M,86.33M,244.98M
INCY,2016-12,-2.886M,808.55M,19.61M,0,0,0.05,0.05,426.03M,219.49M,306.89M,2016-12,4.106M,8.873M,-13.29M,-13.29M,167.68M,0,651.48M,49.22M,203.06M,9.445M,0.572M,161.58M,326.50M,96.08M,419.47M,1.639B,0.189M,994.18M,273.50M,1.219B,644.42M,945.63M,257.67M,75.60M,148.76M
INCY,2016-09,0.39M,716.58M,20.20M,0,0,0.2,0.19,431.52M,199.95M,249.26M,2016-09,4.078M,36.88M,-8.291M,-8.291M,151.94M,0,643.43M,30.30M,172.41M,38.30M,1.425M,143.18M,269.47M,75.78M,369.99M,1.544B,0.188M,886.66M,240.54M,1.174B,657.54M,933.66M,218.96M,57.52M,131.52M
INCY,2016-06,0.662M,629.19M,12.37M,0,0,0.18,0.18,436.93M,183.01M,233.92M,2016-06,6.124M,34.42M,-8.525M,-8.525M,138.51M,0,635.49M,46.86M,143.67M,35.21M,0.785M,120.27M,246.29M,66.79M,297.06M,1.418B,0.188M,792.13M,198.99M,1.121B,625.84M,921.93M,187.06M,40.72M,129.49M
INCY,2016-03,0.397M,810.67M,6.005M,0,0,0.13,0.12,0,140.10M,257.46M,2016-03,1.309M,24.05M,-8.642M,-8.642M,92.62M,0,627.64M,36.04M,167.82M,24.45M,0.40M,156.82M,263.46M,64.60M,227.75M,1.104B,0.187M,935.58M,200.32M,876.19M,168.36M,675.88M,221.42M,31.90M,101.28M
INCY,2015-12,-0.809M,707.78M,9.732M,0.005M,12.51M,0.3,0.29,2.508M,131.27M,234.15M,2015-12,1.783M,55.18M,-8.924M,-8.924M,86.01M,12.58M,619.89M,65.05M,117.38M,55.69M,0.512M,116.63M,243.88M,52.47M,171.16M,1.007B,0.187M,842.38M,168.01M,836.28M,165.06M,668.28M,169.10M,30.08M,114.45M
INCY,2015-09,-0.275M,635.04M,8.04M,42.94M,12.86M,-0.22,-0.22,0,125.25M,179.57M,2015-09,2.428M,-39.58M,-8.183M,-8.183M,83.19M,13.81M,623.93M,-0.101M,112.89M,-39.57M,0.009M,132.07M,187.61M,47.60M,88.74M,931.93M,0.186M,757.91M,155.82M,843.20M,174.02M,687.37M,179.67M,27.37M,86.97M
INCY,2015-06,1.949M,627.47M,6.254M,87.34M,12.86M,0.05,0.05,0,121.33M,156.73M,2015-06,1.897M,9.294M,-10.35M,-10.35M,81.60M,15.32M,617.02M,-7.394M,110.88M,9.43M,0.136M,112.44M,162.98M,51.68M,55.17M,930.34M,0.18M,732.99M,192.47M,875.16M,197.35M,682.69M,164.12M,29.16M,75.12M
INCY,2015-03,2.258M,585.42M,2.974M,85.19M,12.86M,-0.11,-0.11,0,117.91M,156.30M,2015-03,2.414M,-18.36M,-11.06M,-11.06M,80.67M,12.51M,610.21M,-6.935M,101.08M,-17.99M,0.367M,118.36M,159.28M,44.87M,-41.41M,862.62M,0.173M,692.14M,225.60M,904.04M,170.48M,678.44M,163.24M,26.59M,69.60M
INCY,2014-12,1.815M,600.26M,2.428M,0,12.88M,-0.22,-0.22,0,116.46M,121.54M,2014-12,0.358M,-36.94M,-11.58M,-11.58M,81.79M,16.50M,589.98M,-25.62M,88.57M,-37.20M,-0.257M,98.72M,123.97M,48.45M,-81.63M,796.48M,0.171M,679.57M,221.06M,878.10M,116.90M,657.04M,147.17M,24.46M,57.93M
INCY,2014-09,1.914M,532.36M,0.221M,0,12.88M,0.35,0.33,0,110.14M,197.93M,2014-09,0.402M,59.29M,-10.58M,-10.58M,75.26M,19.84M,681.31M,69.94M,85.30M,59.36M,0.072M,88.54M,198.15M,39.45M,-89.59M,785.26M,0.169M,662.61M,124.66M,874.86M,122.65M,750.20M,127.98M,26.60M,109.60M
INCY,2014-06,2.08M,508.75M,0.187M,0,12.88M,-0.22,-0.22,0,89.62M,99.40M,2014-06,0.269M,-36.87M,-10.62M,-10.62M,55.61M,23.05M,673.32M,-26.19M,79.98M,-36.80M,0.07M,84.68M,99.58M,40.90M,-171.00M,679.11M,0.168M,577.14M,112.55M,850.10M,101.96M,737.56M,125.58M,27.25M,47.20M
INCY,2014-03,2.04M,519.23M,0.168M,0,12.89M,-0.21,-0.21,0,71.93M,89.62M,2014-03,0.347M,-33.96M,-10.71M,-10.71M,38.65M,26.26M,665.22M,-22.94M,79.37M,-33.91M,0.049M,75.58M,89.79M,36.97M,-162.42M,666.83M,0.167M,581.17M,106.94M,829.25M,85.66M,722.30M,112.56M,17.95M,46.39M
INCY,2013-12,1.993M,509.00M,0.167M,0,12.89M,-0.26,-0.26,0,59.32M,96.90M,2013-12,0.406M,-42.87M,-8.437M,-8.437M,26.85M,28.58M,661.57M,-16.14M,67.07M,-42.73M,0.137M,75.02M,97.07M,38.03M,-193.11M,629.57M,0.163M,555.80M,108.04M,822.68M,73.77M,714.63M,113.05M,19.10M,35.37M
INCY,2013-09,2.008M,291.17M,0.155M,0,25.50M,-0.14,-0.14,0,0,84.97M,2013-09,0.359M,-22.04M,-7.314M,-7.314M,6.201M,0,187.14M,-13.18M,66.04M,-21.99M,0.049M,71.70M,85.12M,26.45M,28.79M,357.40M,0.161M,333.74M,109.50M,328.61M,23.66M,219.11M,98.15M,18.21M,33.20M
INCY,2013-06,1.993M,277.45M,0.157M,9.816M,39.03M,-0.02,-0.02,3.204M,36.00M,101.52M,2013-06,0.133M,-2.571M,-10.05M,-10.05M,6.236M,31.80M,223.82M,17.32M,49.60M,-2.50M,0.071M,60.95M,101.68M,23.25M,-27.79M,334.22M,0.153M,313.37M,102.96M,362.00M,20.85M,259.05M,84.20M,13.47M,27.52M
INCY,2013-03,1.999M,270.18M,0.15M,9.68M,52.55M,-0.12,-0.12,6.62M,33.37M,70.93M,2013-03,0.189M,-15.67M,-11.53M,-11.53M,6.485M,35.01M,337.51M,-4.097M,56.89M,-15.63M,0.043M,52.76M,71.08M,22.26M,-163.53M,330.28M,0.136M,309.11M,121.28M,493.81M,21.17M,372.52M,75.02M,15.52M,28.04M
INCY,2012-12,1.878M,228.42M,0.099M,9.546M,66.08M,0.14,0.14,7.154M,0,113.75M,2012-12,0.278M,18.78M,-11.39M,-11.39M,6.348M,38.23M,331.08M,30.25M,47.10M,18.86M,0.081M,59.76M,113.85M,23.73M,-174.96M,330.42M,0.133M,309.51M,136.07M,505.38M,20.90M,369.30M,83.49M,13.96M,70.95M
INCY,2012-09,2.149M,243.60M,0.031M,0,66.97M,-0.17,-0.17,7.686M,0,60.46M,2012-09,0.19M,-21.71M,-11.55M,-11.55M,6.169M,54.06M,324.78M,-10.14M,45.01M,-21.68M,0.026M,50.08M,60.49M,20.52M,-219.95M,296.54M,0.131M,278.73M,137.64M,516.48M,17.81M,378.84M,70.60M,12.76M,16.54M
INCY,2012-06,1.72M,261.81M,0.016M,0,75.97M,0.03,0.03,9.793M,0,86.53M,2012-06,0.188M,4.037M,-11.12M,-11.12M,6.515M,70.80M,318.63M,15.22M,40.96M,4.104M,0.067M,51.59M,86.54M,19.72M,-217.19M,311.97M,0.13M,294.16M,139.73M,529.16M,17.81M,389.43M,71.31M,11.10M,13.84M
INCY,2012-03,1.935M,236.41M,0.011M,0,72.98M,-0.36,-0.36,0,0,36.17M,2012-03,0,-45.43M,-11.24M,-11.24M,6.232M,87.54M,312.62M,-34.19M,47.79M,-45.43M,0,48.96M,36.18M,21.40M,-248.86M,293.59M,0.128M,276.16M,142.30M,542.45M,17.43M,400.15M,70.36M,13.17M,13.01M
INCY,2011-12,1.642M,277.59M,0,0,69.30M,-0.44,-0.44,0,0,28.89M,2011-12,0,-55.08M,-10.94M,-10.94M,6.431M,104.27M,316.15M,-43.43M,44.46M,-55.08M,0,51.88M,28.89M,21.15M,-227.08M,328.96M,0.126M,310.78M,135.61M,556.04M,18.18M,420.42M,72.32M,14.94M,6.415M
INCY,2011-09,1.821M,316.98M,0,0,66.97M,-0.42,-0.42,0,0,16.78M,2011-09,0,-53.08M,-10.97M,-10.97M,6.077M,121.01M,310.28M,-42.10M,40.38M,-53.08M,0,44.60M,16.78M,14.28M,-181.02M,371.22M,0.126M,346.42M,120.96M,552.24M,24.81M,431.29M,58.89M,11.04M,2.462M
INCY,2011-06,1.951M,364.11M,0,0,66.98M,-0.41,-0.41,0,0,16.81M,2011-06,0,-51.87M,-10.76M,-10.76M,5.50M,137.75M,304.53M,-41.11M,33.59M,-51.87M,0,46.05M,16.81M,11.86M,-136.28M,416.66M,0.126M,391.92M,110.67M,552.95M,24.74M,442.28M,57.92M,8.788M,2.376M
INCY,2011-03,2.089M,383.63M,0,0,66.98M,-0.21,-0.21,0,0,31.97M,2011-03,0,-26.51M,-10.69M,-10.69M,4.934M,154.48M,298.92M,-15.82M,34.12M,-26.51M,0,36.28M,31.97M,10.82M,-103.98M,459.61M,0.124M,425.97M,110.18M,563.58M,33.64M,453.40M,47.80M,7.791M,16.58M
