Ticker,Date,Accrued Comprehensive Inc,Cash and Short Term Investments,Cost of Goods Sold,Current Debt & Capital Lease Obligation,Current Deferred Liabilities,EPS Basic,EPS Diluted,Goodwill and Intangibles,Gross PP&E,Gross Profit,Income (Quarterly),Net Income,Net Non-Operating Interest Income Expense,Net Operating Interest Income,Net PP&E,Non-Current Deferred Liabilities,Non-Current Portion of LTD and Capital Lease Obligation,Operating Income,Payables and Accrued Expenses,Pre-Tax Income,Provision for Income Taxes,Revenue,SG&A Expense,Shareholders Equity,Total Assets,Total Capital Stock,Total Current Assets,Total Current Liabilities,Total Liabilities,Total Long Term Assets,Total Long Term Liabilities,Total Operating Expenses,Total Payables,Total Receivables
INFO,2021-02,45.80M,172.00M,415.20M,540.10M,1.050B,0.38,0.37,13.17B,966.90M,704.70M,2021-02,149.30M,-55.40M,-55.40M,966.90M,492.60M,4.936B,247.50M,575.50M,178.00M,30.30M,1.120B,302.20M,8.691B,16.67B,4.80M,2.250B,2.361B,7.978B,14.42B,5.617B,457.20M,70.00M,981.90M
INFO,2020-11,-107.90M,125.60M,400.30M,331.60M,886.20M,0.38,0.38,13.75B,2.110B,706.90M,2020-11,151.10M,-57.50M,-57.50M,1.022B,543.40M,4.939B,266.60M,554.90M,115.60M,-35.60M,1.107B,295.00M,8.529B,16.14B,4.80M,1.233B,1.979B,7.606B,14.90B,5.627B,440.30M,77.30M,891.70M
INFO,2020-08,-107.40M,156.80M,385.60M,318.20M,887.20M,0.41,0.41,13.85B,1.037B,687.60M,2020-08,162.90M,-57.50M,-57.50M,1.037B,660.40M,5.018B,282.00M,485.50M,203.70M,39.90M,1.073B,258.70M,8.593B,16.23B,4.80M,1.226B,1.838B,7.641B,15.01B,5.802B,405.60M,48.20M,859.70M
INFO,2020-05,-412.20M,207.80M,388.30M,316.40M,945.90M,0.18,0.18,13.67B,1.035B,638.30M,2020-05,71.70M,-59.80M,-59.80M,1.035B,651.80M,5.461B,232.00M,433.50M,75.40M,4.70M,1.027B,258.10M,8.108B,16.13B,4.80M,1.302B,1.791B,8.020B,14.83B,6.229B,406.30M,20.50M,876.10M
INFO,2020-02,-292.20M,143.90M,415.80M,310.40M,1.030B,1.23,1.2,13.88B,1.046B,665.00M,2020-02,485.00M,-60.80M,-60.80M,1.046B,682.60M,5.297B,576.30M,497.90M,488.60M,4.30M,1.081B,316.20M,8.369B,16.38B,4.80M,1.338B,1.922B,8.011B,15.04B,6.089B,88.70M,57.00M,979.70M
INFO,2019-11,-261.60M,111.50M,409.50M,251.10M,879.70M,0.51,0.5,14.01B,1.579B,710.90M,2019-11,203.10M,-63.50M,-63.50M,658.20M,667.20M,4.874B,256.00M,597.30M,181.40M,-21.30M,1.120B,308.90M,8.416B,16.09B,4.80M,1.308B,1.969B,7.671B,14.78B,5.702B,454.90M,118.20M,890.70M
INFO,2019-08,-458.60M,124.10M,419.70M,1.20M,896.50M,0.1,0.1,13.99B,623.90M,692.60M,2019-08,40.10M,-62.60M,-62.60M,623.90M,770.50M,5.051B,367.30M,598.60M,280.00M,240.60M,1.112B,295.40M,8.235B,15.90B,4.80M,1.189B,1.663B,7.669B,14.71B,6.005B,325.30M,160.70M,880.50M
INFO,2019-05,-342.30M,109.50M,428.00M,364.30M,938.70M,0.37,0.37,14.05B,615.10M,707.50M,2019-05,149.80M,-65.20M,-65.20M,615.10M,677.30M,4.894B,261.80M,471.80M,173.30M,24.20M,1.136B,293.30M,8.386B,16.03B,4.80M,1.261B,1.920B,7.647B,14.77B,5.727B,445.70M,56.80M,868.30M
INFO,2019-02,-164.70M,133.20M,399.80M,484.90M,1.026B,0.2744,0.2744,14.36B,596.40M,646.60M,2019-02,109.70M,-66.50M,-66.50M,596.40M,701.00M,5.111B,206.00M,479.40M,108.20M,-0.90M,1.046B,300.30M,8.332B,16.38B,4.80M,1.326B,2.087B,8.051B,15.06B,5.964B,440.60M,62.40M,995.60M
INFO,2018-11,-298.90M,120.00M,409.10M,789.90M,886.80M,0.21,0.2,14.32B,1.364B,658.70M,2018-11,81.80M,-66.80M,-66.80M,579.60M,699.90M,4.889B,201.80M,429.50M,92.40M,11.30M,1.068B,315.60M,8.020B,16.06B,4.70M,1.099B,2.320B,8.042B,14.96B,5.722B,456.90M,50.20M,792.90M
INFO,2018-08,-220.60M,154.40M,375.30M,1.166B,897.00M,0.26,0.26,14.44B,591.90M,625.70M,2018-08,104.50M,-55.80M,-55.80M,591.90M,666.00M,4.894B,202.40M,344.80M,111.60M,7.90M,1.001B,287.70M,7.892B,16.21B,4.70M,1.114B,2.563B,8.315B,15.09B,5.751B,423.30M,50.10M,778.80M
INFO,2018-05,-143.60M,159.00M,368.40M,105.80M,872.00M,0.29,0.28,11.69B,508.90M,639.90M,2018-05,114.70M,-54.40M,-54.40M,508.90M,594.40M,4.354B,206.70M,402.20M,126.20M,12.00M,1.008B,299.20M,7.769B,14.47B,4.70M,2.207B,1.562B,6.697B,12.26B,5.135B,433.20M,55.10M,734.10M
INFO,2018-02,-29.70M,156.00M,342.90M,90.90M,919.30M,0.61,0.59,12.94B,539.70M,589.20M,2018-02,241.30M,-45.60M,-45.60M,539.70M,691.00M,4.186B,167.10M,410.50M,94.10M,-146.60M,932.10M,290.10M,8.162B,14.70B,4.70M,1.166B,1.480B,6.534B,13.53B,5.054B,422.10M,58.60M,837.10M
INFO,2017-11,-85.00M,133.80M,342.10M,576.00M,790.80M,0.27,0.26,12.97B,1.158B,602.60M,2017-11,105.70M,-42.70M,-42.70M,531.30M,869.80M,3.617B,183.00M,381.90M,96.50M,-8.60M,944.70M,281.10M,8.004B,14.55B,4.70M,1.015B,1.906B,6.55B,13.54B,4.644B,419.60M,58.90M,725.40M
INFO,2017-08,-213.20M,153.80M,341.60M,561.10M,814.10M,0.37,0.35,12.47B,506.90M,563.10M,2017-08,145.90M,-41.00M,-41.00M,506.90M,829.30M,3.425B,167.30M,346.40M,111.50M,-36.70M,904.70M,271.90M,7.702B,14.02B,4.70M,972.10M,1.841B,6.315B,13.04B,4.474B,395.80M,62.60M,670.40M
INFO,2017-05,-309.80M,162.50M,337.70M,561.20M,869.40M,0.25,0.24,12.51B,470.10M,568.40M,2017-05,99.30M,-37.10M,-37.10M,470.10M,974.10M,3.423B,166.70M,344.50M,99.70M,-1.00M,906.10M,274.60M,7.609B,14.07B,4.70M,1.024B,1.860B,6.463B,13.05B,4.603B,401.70M,65.50M,701.90M
INFO,2017-02,-460.70M,154.80M,327.00M,582.90M,906.90M,0.16,0.16,12.45B,445.00M,517.20M,2017-02,66.00M,-31.30M,-31.30M,445.00M,1.013B,3.132B,127.10M,381.70M,64.40M,-3.60M,844.20M,268.40M,7.692B,14.01B,4.60M,1.045B,1.967B,6.314B,12.96B,4.347B,390.10M,66.20M,727.40M
INFO,2016-11,-438.80M,138.90M,345.50M,104.60M,770.20M,0.21,0.21,12.56B,1.008B,528.30M,2016-11,89.30M,-27.00M,-27.00M,416.20M,995.10M,3.279B,152.40M,363.60M,85.20M,-5.80M,873.80M,254.80M,8.084B,13.94B,4.50M,933.50M,1.412B,5.852B,13.00B,4.440B,375.90M,70.80M,661.60M
INFO,2016-08,-218.80M,200.70M,269.10M,126.00M,803.40M,-0.09,-0.09,12.99B,391.60M,455.50M,2016-08,-31.70M,-36.20M,-36.20M,391.60M,1.126B,3.14B,98.40M,351.10M,-52.90M,-23.10M,724.60M,268.20M,8.433B,14.33B,4.50M,929.50M,1.415B,5.896B,13.40B,4.481B,357.10M,90.10M,523.40M
INFO,2016-05,-182.57M,345.54M,212.30M,473.80M,649.79M,0.21,0.21,5.402B,318.45M,375.60M,2016-05,50.00M,-26.80M,-26.80M,318.45M,329.84M,2.488B,104.10M,256.98M,58.20M,13.40M,587.90M,207.50M,2.256B,6.616B,0.711M,863.36M,1.450B,4.360B,5.753B,2.910B,271.50M,90.90M,385.76M
INFO,2016-02,-217.31M,60.50M,210.80M,588.16M,663.26M,0.19,0.19,5.402B,319.34M,337.70M,2016-02,45.20M,-27.90M,-27.90M,319.34M,317.46M,2.410B,89.20M,239.14M,51.80M,10.40M,548.50M,186.80M,2.139B,6.562B,0.711M,805.78M,1.595B,4.423B,5.757B,2.828B,248.50M,65.52M,413.43M
INFO,2015-11,-191.20M,291.60M,194.90M,36.00M,552.50M,0.374,0.3711,4.302B,611.90M,360.80M,2015-11,90.60M,-18.00M,-18.00M,314.40M,259.50M,2.072B,95.90M,234.20M,59.60M,12.20M,555.70M,209.10M,2.201B,5.578B,2.50M,950.50M,960.30M,3.377B,4.627B,2.416B,264.90M,82.50M,360.50M
INFO,2015-08,-171.85M,263.60M,209.20M,36.01M,607.07M,0.24,0.24,4.512B,322.80M,348.70M,2015-08,59.10M,-17.90M,-17.90M,322.80M,355.93M,2.049B,93.00M,230.60M,73.10M,16.30M,557.90M,200.70M,2.191B,5.650B,0.701M,790.25M,962.67M,3.459B,4.859B,2.496B,255.70M,89.45M,330.67M
INFO,2015-05,-155.49M,225.88M,214.86M,36.00M,680.86M,0.2081,0.2081,4.556B,317.00M,342.08M,2015-05,50.95M,-17.27M,-17.27M,317.00M,362.28M,2.093B,83.19M,211.17M,58.90M,12.22M,556.94M,203.16M,2.163B,5.693B,0.70M,795.67M,988.58M,3.530B,4.897B,2.541B,258.89M,59.89M,365.26M
INFO,2015-02,-144.61M,209.72M,200.34M,35.99M,737.04M,0.1631,0.1603,4.381B,308.51M,313.53M,2015-02,39.52M,-16.83M,-16.83M,308.51M,351.43M,1.937B,76.54M,223.63M,46.11M,8.162M,513.88M,186.94M,2.143B,5.566B,0.70M,849.91M,1.053B,3.423B,4.716B,2.370B,236.99M,47.76M,443.07M
INFO,2014-11,-106.72M,153.16M,158.12M,36.26M,596.19M,0.2474,0.2446,4.248B,550.00M,273.20M,2014-11,60.07M,-12.99M,-12.99M,301.42M,271.12M,1.806B,64.58M,220.74M,48.31M,4.739M,431.32M,179.51M,2.160B,5.272B,0.694M,688.81M,955.06M,3.113B,4.583B,2.158B,208.63M,52.24M,423.66M
INFO,2014-08,-62.81M,261.81M,219.21M,218.79M,613.13M,0.1912,0.1912,4.242B,281.95M,336.80M,2014-08,46.52M,-12.04M,-12.04M,281.95M,338.34M,1.681B,76.15M,218.97M,61.73M,15.22M,556.01M,209.96M,2.111B,5.353B,0.691M,811.75M,1.137B,3.242B,4.541B,2.104B,260.66M,82.44M,365.59M
INFO,2014-05,-58.64M,221.00M,224.94M,140.91M,667.26M,0.2277,0.2277,4.142B,267.25M,343.06M,2014-05,55.49M,-14.38M,-14.38M,267.25M,349.43M,1.716B,87.71M,203.97M,72.40M,16.91M,568.01M,206.48M,2.027B,5.248B,0.691M,820.88M,1.073B,3.221B,4.428B,2.148B,255.35M,57.37M,416.94M
INFO,2014-02,-59.22M,205.06M,212.92M,210.32M,708.94M,0.135,0.1321,4.171B,255.14M,311.53M,2014-02,32.42M,-14.99M,-14.99M,255.14M,348.81M,1.820B,59.77M,200.48M,40.66M,8.238M,524.46M,200.55M,1.941B,5.360B,0.69M,911.57M,1.178B,3.419B,4.448B,2.241B,251.76M,57.42M,536.18M
INFO,2013-11,-56.96M,258.37M,159.20M,395.53M,560.01M,0.1715,0.1687,4.210B,452.97M,251.85M,2013-11,40.81M,-15.83M,-15.83M,245.57M,361.27M,1.779B,42.38M,201.44M,20.73M,-4.762M,411.05M,181.79M,1.907B,5.360B,0.679M,880.84M,1.246B,3.453B,4.479B,2.206B,209.47M,66.96M,459.26M
INFO,2013-08,-78.61M,271.00M,198.28M,394.25M,561.14M,0.0984,0.0984,4.236B,233.29M,282.01M,2013-08,23.36M,-15.84M,-15.84M,233.29M,362.63M,1.913B,57.19M,166.31M,23.59M,0.116M,480.29M,181.59M,1.802B,5.322B,0.676M,828.21M,1.178B,3.520B,4.494B,2.342B,224.82M,56.19M,410.25M
INFO,2013-05,-79.22M,267.13M,172.42M,169.48M,599.64M,0.1828,0.1828,2.621B,187.47M,245.72M,2013-05,42.89M,-5.861M,-5.861M,187.47M,122.71M,839.54M,66.48M,151.32M,55.72M,12.84M,418.14M,145.85M,1.613B,3.573B,0.676M,757.15M,946.04M,1.960B,2.816B,1.014B,179.24M,51.77M,354.74M
INFO,2013-02,-80.66M,318.70M,160.08M,169.51M,628.41M,0.104,0.104,2.510B,173.87M,222.45M,2013-02,24.67M,-5.776M,-5.776M,173.87M,118.98M,882.72M,43.08M,145.76M,30.62M,5.953M,382.52M,144.47M,1.539B,3.568B,0.676M,876.07M,978.46M,2.029B,2.692B,1.051B,179.37M,53.17M,428.43M
INFO,2012-11,-46.69M,345.01M,158.91M,170.10M,515.32M,0.1968,0.194,2.514B,310.30M,255.45M,2012-11,46.42M,-5.411M,-5.411M,163.01M,139.24M,890.92M,60.90M,141.02M,50.06M,3.656M,414.36M,162.42M,1.584B,3.549B,0.676M,863.88M,876.94M,1.965B,2.685B,1.088B,194.55M,52.08M,392.58M
INFO,2012-08,-44.07M,298.43M,153.75M,170.21M,516.19M,0.1884,0.1856,2.538B,238.12M,231.86M,2012-08,44.08M,-4.802M,-4.802M,158.00M,148.23M,837.50M,59.33M,123.03M,51.46M,7.384M,385.61M,140.52M,1.569B,3.448B,0.676M,734.09M,854.57M,1.880B,2.714B,1.025B,172.53M,36.80M,309.48M
INFO,2012-05,-59.24M,268.22M,165.27M,170.20M,544.39M,0.1884,0.1856,2.326B,0,221.89M,2012-05,44.19M,-4.639M,-4.639M,146.24M,126.96M,673.86M,64.62M,121.56M,55.85M,11.66M,387.16M,128.84M,1.480B,3.199B,0.676M,707.94M,882.47M,1.719B,2.491B,836.60M,157.27M,38.65M,311.32M
INFO,2012-02,-40.42M,296.59M,146.59M,142.94M,571.98M,0.1012,0.0984,2.230B,0,196.15M,2012-02,23.48M,-4.722M,-4.722M,135.38M,122.88M,725.81M,43.41M,132.98M,30.34M,6.863M,342.74M,127.18M,1.429B,3.193B,0.676M,807.18M,879.58M,1.765B,2.386B,884.99M,152.74M,33.92M,395.45M
INFO,2011-11,-49.20M,234.68M,146.61M,144.56M,487.17M,0.0984,0.0956,2.237B,0,224.05M,2011-11,22.73M,-4.364M,-4.364M,128.42M,123.90M,658.91M,28.62M,127.61M,21.80M,-1.256M,370.66M,171.30M,1.385B,3.073B,0.675M,698.08M,816.86M,1.688B,2.375B,871.45M,195.43M,32.43M,351.20M
INFO,2011-08,-100.69M,202.87M,144.01M,287.08M,473.80M,0.1771,0.1743,2.277B,0,194.70M,2011-08,40.81M,-2.804M,-2.804M,125.50M,136.37M,523.80M,53.22M,103.48M,48.87M,8.183M,338.72M,118.19M,1.354B,2.980B,0.674M,570.86M,904.22M,1.626B,2.409B,722.10M,141.49M,30.54M,249.42M
INFO,2011-05,-95.90M,147.11M,141.20M,17.12M,492.05M,0.1715,0.1715,1.744B,0,181.92M,2011-05,39.94M,-1.839M,-1.839M,117.68M,87.34M,277.55M,54.65M,147.34M,50.87M,11.05M,323.12M,106.44M,1.302B,2.379B,0.672M,508.83M,656.51M,1.077B,1.870B,420.81M,127.26M,40.43M,250.90M
