Ticker,Date,Accrued Comprehensive Inc,Cash and Short Term Investments,Cost of Goods Sold,Current Debt & Capital Lease Obligation,Current Deferred Liabilities,EPS Basic,EPS Diluted,Goodwill and Intangibles,Gross PP&E,Gross Profit,Income (Quarterly),Inventories,Net Income,Net Non-Operating Interest Income Expense,Net Operating Interest Income,Net PP&E,Non-Current Deferred Liabilities,Non-Current Portion of LTD and Capital Lease Obligation,Operating Income,Payables and Accrued Expenses,Pre-Tax Income,Provision for Income Taxes,Research and Development Expense,Revenue,SG&A Expense,Shareholders Equity,Total Assets,Total Capital Stock,Total Current Assets,Total Current Liabilities,Total Liabilities,Total Long Term Assets,Total Long Term Liabilities,Total Operating Expenses,Total Payables,Total Receivables
INTC,2021-03,-1.103B,22.40B,8.819B,2.647B,0,0.83,0.82,35.38B,137.11B,10.85B,2021-03,8.487B,3.361B,-153.00M,-153.00M,57.33B,3.50B,33.24B,5.903B,18.75B,3.906B,545.00M,3.623B,19.67B,1.328B,79.81B,150.62B,26.27B,45.77B,24.15B,70.82B,104.85B,46.66B,4.951B,5.434B,7.208B
INTC,2020-12,-751.00M,23.90B,8.63B,2.504B,0,1.43,1.42,36.00B,134.23B,11.35B,2020-12,8.427B,5.857B,-105.00M,-105.00M,56.58B,5.21B,33.90B,5.936B,18.25B,7.488B,1.631B,3.655B,19.98B,1.757B,81.04B,153.09B,25.56B,47.25B,24.75B,72.05B,105.84B,47.30B,5.412B,5.581B,6.782B
INTC,2020-09,-940.00M,18.25B,8.592B,504.00M,0,1.02,1.02,36.84B,139.29B,9.741B,2020-09,9.273B,4.276B,-107.00M,-107.00M,59.20B,4.376B,36.06B,5.034B,18.41B,5.041B,765.00M,3.272B,18.33B,1.435B,74.55B,145.26B,23.34B,36.78B,22.11B,70.71B,108.48B,48.60B,4.707B,5.159B,7.14B
INTC,2020-06,-1.152B,25.82B,9.221B,2.254B,0,1.2,1.19,37.25B,136.02B,10.51B,2020-06,8.969B,5.105B,-103.00M,-103.00M,58.04B,4.052B,36.09B,5.706B,17.39B,5.935B,830.00M,3.354B,19.73B,1.447B,82.01B,152.54B,25.52B,44.39B,22.48B,70.53B,108.15B,48.05B,4.801B,5.045B,7.441B
INTC,2020-03,-1.541B,20.80B,7.812B,3.464B,0,1.33,1.31,36.70B,132.46B,12.02B,2020-03,9.246B,5.661B,-42.00M,-42.00M,56.77B,3.38B,36.46B,7.20B,18.07B,6.614B,953.00M,3.275B,19.83B,1.541B,76.35B,147.71B,25.25B,41.50B,23.90B,71.36B,106.21B,47.46B,4.816B,4.638B,8.455B
INTC,2019-12,-1.28B,13.12B,8.331B,3.693B,0,1.6,1.58,37.10B,128.71B,11.88B,2019-12,8.744B,6.905B,1.00M,1.00M,55.39B,3.412B,25.31B,6.902B,14.76B,8.068B,1.163B,3.384B,20.21B,1.592B,77.50B,136.52B,25.26B,31.24B,22.31B,59.02B,105.28B,36.71B,4.976B,4.128B,7.659B
INTC,2019-09,-722.00M,12.02B,7.895B,5.20B,0,1.36,1.35,35.75B,124.75B,11.30B,2019-09,8.638B,5.99B,7.00M,7.00M,53.56B,3.109B,23.71B,6.551B,16.64B,6.719B,729.00M,3.208B,19.19B,1.536B,74.24B,133.77B,25.29B,29.96B,25.06B,59.53B,103.81B,34.46B,4.744B,4.809B,6.88B
INTC,2019-06,-622.00M,11.94B,6.627B,3.726B,0,0.94,0.92,35.83B,120.60B,9.878B,2019-06,8.696B,4.179B,-10.00M,-10.00M,51.38B,3.341B,25.09B,4.801B,13.42B,4.724B,545.00M,3.438B,16.50B,1.639B,74.95B,130.76B,25.14B,29.24B,19.70B,55.81B,101.52B,36.11B,5.077B,4.682B,6.233B
INTC,2019-03,-813.00M,12.03B,6.972B,2.75B,0,0.88,0.87,35.98B,117.48B,9.089B,2019-03,7.765B,3.974B,-3.00M,-3.00M,50.04B,3.296B,25.74B,4.174B,14.18B,4.547B,573.00M,3.332B,16.06B,1.583B,73.66B,129.46B,25.35B,29.06B,18.91B,55.80B,100.40B,36.89B,4.915B,4.059B,6.957B
INTC,2018-12,-974.00M,11.65B,7.43B,1.261B,0,1.14,1.12,36.35B,114.32B,11.23B,2018-12,7.253B,5.195B,-1.00M,-1.00M,48.98B,3.714B,25.10B,6.224B,11.74B,5.635B,440.00M,3.433B,18.66B,1.72B,74.56B,127.96B,25.36B,28.79B,16.63B,53.40B,99.18B,36.77B,5.003B,3.824B,6.722B
INTC,2018-09,-1.103B,13.19B,6.803B,3.051B,0,1.4,1.38,36.51B,110.76B,12.36B,2018-09,7.401B,6.398B,0,0,47.07B,3.705B,24.82B,7.277B,13.43B,7.142B,744.00M,3.428B,19.16B,1.605B,71.48B,128.24B,25.49B,29.59B,19.57B,56.76B,98.65B,37.18B,5.083B,3.593B,5.457B
INTC,2018-06,-1.089B,12.22B,6.543B,3.51B,0,1.08,1.05,36.45B,107.98B,10.42B,2018-06,7.344B,5.006B,-8.00M,-8.00M,45.91B,4.059B,24.63B,5.273B,11.46B,5.529B,523.00M,3.371B,16.96B,1.725B,70.05B,125.97B,25.47B,27.60B,17.57B,55.92B,98.37B,38.35B,5.146B,4.143B,4.636B
INTC,2018-03,-683.00M,16.20B,6.335B,3.842B,1.656B,0.95,0.93,36.70B,104.40B,9.731B,2018-03,7.146B,4.454B,-21.00M,-21.00M,43.74B,4.043B,24.77B,4.47B,14.00B,5.011B,557.00M,3.311B,16.07B,1.90B,70.16B,128.60B,26.43B,31.63B,19.96B,58.43B,96.97B,38.47B,5.261B,4.415B,4.879B
INTC,2017-12,862.00M,14.00B,6.275B,1.776B,1.706B,-0.15,-0.15,37.13B,100.40B,10.78B,2017-12,6.983B,-687.00M,-61.00M,-61.00M,41.11B,3.046B,25.04B,5.63B,10.46B,6.035B,6.722B,3.253B,17.05B,1.842B,69.02B,123.25B,26.07B,29.50B,17.42B,54.23B,93.75B,36.81B,5.148B,2.928B,5.607B
INTC,2017-09,1.61B,17.50B,6.085B,4.142B,1.587B,0.96,0.94,37.45B,97.52B,10.06B,2017-09,6.929B,4.516B,-54.00M,-54.00M,39.47B,2.943B,27.50B,5.145B,12.04B,5.93B,1.414B,3.209B,16.15B,1.661B,70.94B,127.09B,26.55B,33.15B,20.69B,56.15B,93.93B,35.46B,4.919B,3.554B,5.954B
INTC,2017-06,1.174B,25.93B,5.667B,4.13B,1.698B,0.6,0.58,22.97B,94.65B,9.096B,2017-06,6.324B,2.808B,-20.00M,-20.00M,38.13B,2.502B,27.86B,3.947B,10.73B,4.572B,1.764B,3.262B,14.76B,1.85B,68.62B,122.11B,25.78B,40.62B,18.78B,53.48B,81.49B,34.70B,5.149B,3.671B,5.397B
INTC,2017-03,863.00M,17.30B,5.636B,5.073B,1.718B,0.63,0.61,23.26B,92.08B,9.16B,2017-03,5.801B,2.964B,-70.00M,-70.00M,36.91B,2.285B,20.68B,3.712B,10.64B,3.815B,851.00M,3.311B,14.80B,2.099B,66.84B,115.65B,25.89B,36.06B,21.30B,48.80B,79.59B,27.50B,5.448B,3.221B,4.921B
INTC,2016-12,106.00M,17.10B,6.227B,4.634B,1.724B,0.75,0.73,23.59B,90.10B,10.15B,2016-12,5.553B,3.562B,-95.00M,-95.00M,36.17B,1.73B,20.65B,4.743B,8.565B,4.44B,878.00M,3.225B,16.37B,2.138B,66.23B,113.33B,25.37B,35.51B,20.30B,47.10B,77.82B,26.80B,5.404B,2.475B,4.69B
INTC,2016-09,400.00M,17.77B,5.795B,3.573B,2.807B,0.71,0.69,23.39B,88.77B,9.983B,2016-09,5.783B,3.378B,-124.00M,-124.00M,34.71B,1.211B,24.04B,4.834B,9.805B,4.318B,940.00M,3.069B,15.78B,2.006B,63.12B,112.22B,25.07B,36.22B,20.09B,49.10B,76.00B,29.01B,5.149B,3.181B,4.952B
INTC,2016-06,-80.00M,17.69B,5.56B,4.56B,0,0.28,0.27,27.81B,87.12B,7.973B,2016-06,5.80B,1.33B,-136.00M,-136.00M,33.80B,1.293B,24.05B,2.732B,8.535B,1.67B,340.00M,3.145B,13.53B,2.007B,61.37B,109.83B,24.32B,31.19B,18.71B,48.46B,78.64B,29.75B,5.241B,3.42B,4.426B
INTC,2016-03,560.00M,15.09B,5.572B,3.594B,2.632B,0.43,0.42,28.08B,84.84B,8.13B,2016-03,5.751B,2.046B,-156.00M,-156.00M,32.64B,1.247B,21.78B,2.568B,9.466B,2.508B,462.00M,3.246B,13.70B,2.226B,61.17B,105.47B,24.09B,27.40B,17.53B,44.29B,78.07B,26.77B,5.562B,3.163B,4.216B
INTC,2015-12,60.00M,25.31B,5.324B,2.634B,2.188B,0.77,0.74,15.26B,83.40B,9.59B,2015-12,5.167B,3.613B,-93.00M,-93.00M,31.86B,954.00M,20.04B,4.286B,7.63B,4.303B,690.00M,3.119B,14.91B,2.118B,61.08B,101.46B,23.41B,38.32B,15.65B,40.37B,63.14B,24.73B,5.304B,2.063B,4.787B
INTC,2015-09,-335.00M,20.84B,5.354B,1.129B,2.16B,0.65,0.64,15.05B,83.00B,9.111B,2015-09,4.965B,3.109B,-85.00M,-85.00M,31.60B,2.502B,20.06B,4.206B,9.059B,4.253B,1.144B,2.927B,14.46B,1.91B,57.10B,98.55B,23.00B,36.20B,15.08B,41.46B,62.35B,26.38B,4.905B,2.449B,4.101B
INTC,2015-06,645.00M,13.87B,4.947B,1.118B,2.082B,0.57,0.55,15.26B,82.33B,8.248B,2015-06,4.818B,2.706B,-25.00M,-25.00M,32.68B,3.251B,12.12B,3.144B,7.757B,2.983B,277.00M,3.087B,13.20B,1.949B,57.70B,90.49B,22.62B,26.71B,13.53B,32.80B,63.78B,19.27B,5.104B,2.359B,3.86B
INTC,2015-03,68.00M,14.12B,5.051B,1.121B,2.196B,0.42,0.41,14.98B,81.29B,7.73B,2015-03,4.418B,1.992B,-10.00M,-10.00M,33.30B,3.462B,12.11B,2.72B,9.707B,2.673B,681.00M,2.995B,12.78B,1.953B,54.92B,89.57B,22.40B,26.47B,15.04B,34.64B,63.10B,19.61B,5.01B,2.775B,3.246B
INTC,2014-12,666.00M,14.05B,5.10B,1.596B,2.205B,0.77,0.74,15.31B,79.71B,9.621B,2014-12,4.273B,3.661B,-20.00M,-20.00M,33.24B,3.775B,12.06B,4.51B,8.735B,4.659B,998.00M,2.99B,14.72B,2.049B,55.86B,91.90B,21.78B,27.73B,16.01B,36.04B,64.17B,20.02B,5.111B,2.748B,4.427B
INTC,2014-09,946.00M,15.59B,5.096B,1.164B,2.189B,0.68,0.66,14.94B,78.50B,9.458B,2014-09,4.115B,3.317B,-18.00M,-18.00M,33.14B,3.551B,12.10B,4.56B,8.62B,4.55B,1.233B,2.842B,14.55B,1.979B,56.07B,90.62B,21.89B,27.51B,14.90B,34.54B,63.11B,19.64B,4.898B,2.597B,3.647B
INTC,2014-06,1.12B,17.31B,4.914B,14.00M,2.171B,0.56,0.55,15.32B,77.14B,8.917B,2014-06,3.943B,2.796B,-11.00M,-11.00M,33.12B,4.187B,13.18B,3.925B,7.657B,3.922B,1.126B,2.859B,13.83B,2.061B,59.25B,91.79B,22.48B,29.01B,12.25B,32.55B,62.79B,20.30B,4.992B,2.96B,3.489B
INTC,2014-03,1.156B,19.05B,5.151B,36.00M,2.171B,0.39,0.38,15.58B,75.29B,7.613B,2014-03,3.763B,1.93B,-2.00M,-2.00M,32.50B,4.302B,13.17B,2.647B,9.366B,2.67B,740.00M,2.846B,12.76B,2.047B,58.04B,91.93B,22.17B,30.55B,13.55B,33.89B,61.38B,20.34B,4.966B,3.01B,3.505B
INTC,2013-12,1.243B,20.09B,5.263B,281.00M,2.096B,0.53,0.51,15.66B,73.42B,8.571B,2013-12,4.172B,2.625B,-24.00M,-24.00M,31.43B,4.397B,13.16B,3.665B,8.068B,3.551B,926.00M,2.826B,13.83B,2.006B,58.26B,92.36B,21.54B,32.08B,13.57B,34.10B,60.27B,20.53B,4.906B,2.969B,3.582B
INTC,2013-09,1.048B,19.15B,5.069B,350.00M,2.093B,0.59,0.58,15.90B,71.63B,8.414B,2013-09,4.533B,2.95B,-32.00M,-32.00M,30.35B,4.384B,13.16B,3.628B,8.902B,3.924B,974.00M,2.742B,13.48B,1.97B,55.45B,90.55B,21.11B,31.35B,13.88B,35.10B,59.20B,21.22B,4.786B,2.996B,3.719B
INTC,2013-06,145.00M,17.35B,5.341B,263.00M,1.971B,0.4,0.39,15.62B,69.50B,7.47B,2013-06,4.542B,2.00B,-34.00M,-34.00M,29.34B,3.709B,13.15B,2.719B,7.174B,2.693B,693.00M,2.516B,12.81B,2.165B,53.84B,85.66B,20.68B,29.05B,11.39B,31.82B,56.61B,20.43B,4.751B,2.864B,3.474B
INTC,2013-03,-410.00M,17.07B,5.514B,88.00M,1.901B,0.41,0.4,15.56B,67.44B,7.066B,2013-03,4.358B,2.045B,-50.00M,-50.00M,28.42B,3.427B,13.14B,2.519B,8.308B,2.443B,398.00M,2.527B,12.58B,1.947B,51.19B,83.08B,20.10B,28.68B,11.80B,31.89B,54.41B,20.09B,4.547B,2.654B,3.536B
INTC,2012-12,-399.00M,18.16B,5.66B,312.00M,1.932B,0.5,0.48,15.94B,66.05B,7.817B,2012-12,4.734B,2.468B,-3.00M,-3.00M,27.98B,3.412B,13.14B,3.155B,7.682B,3.204B,736.00M,2.629B,13.48B,1.958B,51.20B,84.35B,19.46B,31.36B,12.90B,33.15B,52.99B,20.25B,4.662B,3.023B,3.833B
INTC,2012-09,-501.00M,10.46B,4.942B,56.00M,1.954B,0.59,0.58,15.84B,64.17B,8.515B,2012-09,5.319B,2.972B,9.00M,9.00M,27.16B,2.904B,7.10B,3.841B,7.623B,3.921B,949.00M,2.605B,13.46B,1.995B,49.27B,74.44B,19.28B,23.01B,11.95B,25.17B,51.43B,13.22B,4.674B,3.188B,3.938B
INTC,2012-06,-857.00M,13.65B,4.947B,92.00M,1.915B,0.56,0.54,15.42B,62.00B,8.554B,2012-06,4.904B,2.827B,4.00M,4.00M,25.98B,2.775B,7.093B,3.832B,6.511B,3.934B,1.107B,2.513B,13.50B,2.131B,48.78B,72.35B,18.88B,25.78B,10.54B,23.57B,46.57B,13.04B,4.722B,3.269B,3.544B
INTC,2012-03,-604.00M,13.75B,4.641B,362.00M,2.001B,0.55,0.53,15.45B,60.60B,8.265B,2012-03,4.489B,2.738B,-3.00M,-3.00M,25.03B,2.793B,7.088B,3.81B,8.08B,3.814B,1.076B,2.401B,12.91B,1.973B,46.76B,71.82B,18.38B,25.42B,11.94B,25.06B,46.40B,13.12B,4.455B,2.993B,4.037B
INTC,2011-12,-781.00M,14.84B,4.935B,247.00M,1.929B,0.66,0.64,15.52B,58.07B,8.952B,2011-12,4.096B,3.36B,-7.00M,-7.00M,23.63B,2.617B,7.084B,4.599B,6.904B,4.587B,1.227B,2.308B,13.89B,1.973B,45.91B,71.12B,17.04B,25.87B,12.03B,25.21B,45.25B,13.18B,4.353B,2.956B,3.65B
INTC,2011-09,-32.00M,15.20B,5.215B,66.00M,1.917B,0.67,0.65,15.58B,56.82B,9.018B,2011-09,3.959B,3.468B,22.00M,22.00M,22.16B,2.762B,7.076B,4.785B,7.656B,4.892B,1.424B,2.14B,14.23B,2.017B,46.12B,70.55B,16.25B,26.70B,11.91B,24.43B,43.85B,12.52B,4.233B,2.999B,3.821B
INTC,2011-06,466.00M,11.55B,5.13B,71.00M,1.824B,0.56,0.54,15.84B,54.87B,7.902B,2011-06,4.03B,2.954B,20.00M,20.00M,20.78B,2.215B,2.09B,3.935B,6.348B,3.931B,977.00M,1.986B,13.03B,1.905B,48.72B,66.09B,16.24B,23.10B,10.35B,17.37B,42.99B,7.012B,3.967B,2.742B,3.359B
