Ticker,Date,Accrued Comprehensive Inc,Cash and Short Term Investments,Cost of Goods Sold,Current Debt & Capital Lease Obligation,EPS Basic,EPS Diluted,Goodwill and Intangibles,Gross PP&E,Gross Profit,Income (Quarterly),Inventories,Net Income,Net Non-Operating Interest Income Expense,Net Operating Interest Income,Net PP&E,Non-Current Deferred Liabilities,Non-Current Portion of LTD and Capital Lease Obligation,Operating Income,Payables and Accrued Expenses,Pre-Tax Income,Provision for Income Taxes,Revenue,SG&A Expense,Shareholders Equity,Total Assets,Total Capital Stock,Total Current Assets,Total Current Liabilities,Total Liabilities,Total Long Term Assets,Total Long Term Liabilities,Total Operating Expenses,Total Payables,Total Receivables
IP,2020-12,-4.342B,5.445B,3.659B,4.249B,0.39,0.39,3.632B,34.05B,1.58B,2020-12,2.05B,153.00M,-99.00M,-99.00M,12.68B,2.743B,10.47B,394.00M,2.786B,123.00M,34.00M,5.239B,812.00M,7.854B,31.72B,449.00M,11.24B,8.284B,23.85B,20.48B,15.57B,1.186B,2.32B,3.419B
IP,2020-09,-5.132B,5.528B,3.541B,4.399B,0.52,0.52,3.63B,12.83B,1.582B,2020-09,2.007B,204.00M,-112.00M,-112.00M,12.83B,2.639B,10.91B,481.00M,2.679B,282.00M,50.00M,5.123B,737.00M,7.093B,31.84B,449.00M,11.29B,8.476B,24.74B,20.55B,16.27B,1.101B,2.226B,3.422B
IP,2020-06,-5.149B,847.00M,3.427B,4.253B,0.67,0.67,3.641B,13.01B,1.439B,2020-06,2.01B,266.00M,-116.00M,-116.00M,13.01B,2.654B,11.82B,389.00M,2.612B,261.00M,67.00M,4.866B,697.00M,7.057B,32.52B,449.00M,6.599B,8.33B,25.46B,25.92B,17.13B,1.05B,2.206B,3.461B
IP,2020-03,-5.255B,1.239B,3.746B,4.884B,-0.36,-0.36,3.654B,13.11B,1.606B,2020-03,2.002B,-141.00M,-117.00M,-117.00M,13.11B,2.662B,11.94B,414.00M,2.734B,-16.00M,94.00M,5.352B,825.00M,6.857B,33.22B,449.00M,7.215B,9.342B,26.35B,26.00B,17.01B,1.192B,2.379B,3.649B
IP,2019-12,-4.739B,511.00M,3.666B,4.388B,0.42,0.42,3.715B,33.95B,1.832B,2019-12,2.208B,165.00M,-113.00M,-113.00M,13.44B,2.633B,11.99B,610.00M,2.889B,400.00M,263.00M,5.498B,837.00M,7.713B,33.47B,449.00M,6.639B,8.646B,25.75B,26.83B,17.11B,1.222B,2.423B,3.673B
IP,2019-09,-5.014B,697.00M,3.772B,402.00M,0.88,0.87,3.773B,13.27B,1.796B,2019-09,2.194B,344.00M,-123.00M,-123.00M,13.27B,2.643B,16.55B,645.00M,2.791B,452.00M,137.00M,5.568B,782.00M,7.441B,33.85B,449.00M,7.051B,4.729B,26.39B,26.80B,21.66B,1.151B,2.349B,3.693B
IP,2019-06,-4.87B,787.00M,3.901B,676.00M,0.74,0.73,3.815B,13.37B,1.766B,2019-06,2.224B,292.00M,-122.00M,-122.00M,13.37B,2.624B,16.63B,616.00M,2.902B,334.00M,128.00M,5.667B,786.00M,7.482B,34.35B,449.00M,7.388B,5.049B,26.85B,26.96B,21.80B,1.15B,2.498B,3.876B
IP,2019-03,-4.975B,641.00M,3.929B,809.00M,1.06,1.05,3.775B,13.49B,1.714B,2019-03,2.301B,424.00M,-133.00M,-133.00M,13.49B,2.634B,16.55B,554.00M,2.872B,418.00M,106.00M,5.643B,802.00M,7.446B,34.18B,449.00M,7.062B,4.953B,26.71B,27.12B,21.76B,1.16B,2.518B,3.903B
IP,2018-12,-4.50B,589.00M,3.798B,639.00M,0.79,0.78,3.767B,33.56B,2.153B,2018-12,2.241B,316.00M,-135.00M,-135.00M,13.07B,2.60B,16.31B,927.00M,2.948B,382.00M,143.00M,5.951B,847.00M,7.362B,33.58B,449.00M,6.996B,4.694B,26.19B,26.58B,21.50B,1.226B,2.413B,3.916B
IP,2018-09,-4.887B,1.026B,3.887B,555.00M,1.38,1.37,3.777B,13.09B,2.014B,2018-09,2.13B,562.00M,-133.00M,-133.00M,13.09B,2.512B,17.00B,833.00M,4.048B,553.00M,83.00M,5.901B,802.00M,7.04B,33.80B,449.00M,7.318B,4.603B,26.74B,26.48B,22.14B,1.181B,2.51B,3.963B
IP,2018-06,-4.881B,1.073B,3.922B,684.00M,0.98,0.97,3.822B,13.19B,1.911B,2018-06,2.05B,405.00M,-133.00M,-133.00M,13.19B,2.502B,17.10B,685.00M,3.934B,490.00M,130.00M,5.833B,854.00M,6.844B,33.80B,449.00M,7.272B,4.618B,26.93B,26.52B,22.31B,1.226B,2.478B,3.907B
IP,2018-03,-4.53B,1.141B,3.948B,587.00M,1.76,1.74,3.882B,13.34B,1.673B,2018-03,2.057B,729.00M,-135.00M,-135.00M,13.34B,2.48B,17.05B,517.00M,3.878B,356.00M,89.00M,5.621B,787.00M,7.245B,34.03B,449.00M,7.26B,4.465B,26.76B,26.77B,22.30B,1.156B,2.534B,3.804B
IP,2017-12,-4.633B,1.018B,3.702B,311.00M,3.54,3.5,3.893B,33.81B,2.009B,2017-12,2.313B,1.46B,-141.00M,-141.00M,13.26B,2.291B,17.14B,818.00M,2.943B,197.00M,-1.207B,5.711B,807.00M,6.522B,33.90B,449.00M,8.277B,5.102B,27.36B,25.63B,22.26B,1.191B,2.458B,3.287B
IP,2017-09,-4.949B,998.00M,3.713B,958.00M,0.96,0.95,3.913B,14.06B,1.804B,2017-09,2.465B,395.00M,-152.00M,-152.00M,14.06B,3.505B,17.66B,658.00M,3.911B,457.00M,136.00M,5.517B,755.00M,4.914B,33.81B,449.00M,7.211B,4.869B,28.88B,26.60B,24.01B,1.146B,2.408B,3.343B
IP,2017-06,-5.108B,1.041B,3.749B,824.00M,0.19,0.19,3.924B,14.04B,1.634B,2017-06,2.361B,80.00M,-137.00M,-137.00M,14.04B,3.499B,16.68B,507.00M,4.178B,-23.00M,-87.00M,5.383B,752.00M,4.545B,33.88B,449.00M,7.237B,5.002B,29.31B,26.64B,24.31B,1.127B,2.362B,3.283B
IP,2017-03,-5.152B,998.00M,3.638B,454.00M,0.51,0.5,3.937B,14.05B,1.494B,2017-03,2.394B,209.00M,-142.00M,-142.00M,14.05B,3.185B,17.11B,391.00M,3.813B,217.00M,73.00M,5.132B,741.00M,4.575B,33.30B,449.00M,6.721B,4.267B,28.71B,26.58B,24.44B,1.103B,2.38B,3.078B
IP,2016-12,-5.362B,1.033B,2.074B,239.00M,0.53,0.53,3.911B,32.25B,1.723B,2016-12,2.233B,218.00M,-136.00M,-136.00M,13.00B,3.127B,17.36B,926.00M,2.60B,119.00M,54.00M,3.797B,541.00M,4.341B,33.09B,449.00M,6.67B,4.069B,28.73B,26.42B,24.66B,797.00M,2.199B,2.852B
IP,2016-09,-5.458B,2.562B,3.622B,78.00M,0.76,0.75,3.711B,12.20B,1.644B,2016-09,2.222B,312.00M,-132.00M,-132.00M,12.20B,3.273B,17.10B,556.00M,3.463B,373.00M,107.00M,5.266B,733.00M,4.209B,32.60B,449.00M,8.103B,3.541B,28.37B,24.50B,24.83B,1.088B,2.031B,2.807B
IP,2016-06,-5.481B,1.254B,4.112B,626.00M,0.1,0.1,3.729B,12.23B,1.21B,2016-06,2.165B,40.00M,-129.00M,-129.00M,12.23B,3.256B,15.10B,143.00M,3.456B,-14.00M,-9.00M,5.322B,725.00M,4.024B,31.39B,449.00M,6.871B,4.082B,27.35B,24.52B,23.26B,1.067B,2.016B,2.837B
IP,2016-03,-5.389B,1.155B,3.611B,551.00M,0.81,0.81,3.721B,12.04B,1.499B,2016-03,2.217B,334.00M,-123.00M,-123.00M,12.04B,3.277B,15.10B,478.00M,3.449B,317.00M,41.00M,5.11B,696.00M,4.234B,31.04B,449.00M,6.792B,4.098B,26.78B,24.25B,22.68B,1.021B,2.065B,2.641B
IP,2015-12,-5.708B,1.05B,2.61B,426.00M,0.43,0.43,3.73B,32.71B,1.143B,2015-12,2.228B,178.00M,-133.00M,-133.00M,11.98B,3.231B,15.12B,422.00M,3.498B,131.00M,71.00M,3.753B,503.00M,3.884B,30.53B,449.00M,6.477B,3.924B,26.62B,24.05B,22.70B,721.00M,2.078B,2.675B
IP,2015-09,-5.358B,5.949B,3.891B,4.973B,0.53,0.53,3.881B,11.83B,1.80B,2015-09,2.34B,220.00M,-141.00M,-141.00M,11.83B,3.191B,10.94B,681.00M,3.631B,329.00M,106.00M,5.691B,751.00M,4.349B,31.98B,449.00M,12.75B,9.547B,27.51B,19.23B,17.96B,1.119B,2.096B,2.832B
IP,2015-06,-4.886B,1.59B,3.968B,909.00M,0.54,0.54,4.184B,12.56B,1.746B,2015-06,2.424B,227.00M,-144.00M,-144.00M,12.56B,3.078B,11.07B,604.00M,4.195B,266.00M,110.00M,5.714B,770.00M,4.892B,28.18B,449.00M,7.727B,5.104B,23.15B,20.45B,18.05B,1.142B,2.744B,3.14B
IP,2015-03,-5.042B,1.576B,3.844B,664.00M,0.74,0.74,4.188B,12.49B,1.673B,2015-03,2.437B,313.00M,-137.00M,-137.00M,12.49B,3.00B,10.51B,543.00M,4.112B,406.00M,130.00M,5.517B,763.00M,4.858B,27.97B,449.00M,7.66B,4.776B,22.96B,20.31B,18.19B,1.13B,2.678B,3.074B
IP,2014-12,-4.646B,1.881B,4.105B,742.00M,0.32,0.32,4.312B,33.07B,1.838B,2014-12,2.424B,134.00M,-142.00M,-142.00M,12.73B,3.063B,10.68B,603.00M,4.167B,307.00M,34.00M,5.943B,846.00M,5.115B,28.68B,449.00M,7.959B,4.909B,23.42B,20.72B,18.51B,1.235B,2.664B,3.083B
IP,2014-09,-3.065B,1.718B,4.055B,724.00M,0.84,0.83,4.513B,12.90B,1.996B,2014-09,2.493B,355.00M,-158.00M,-158.00M,12.90B,3.60B,11.04B,734.00M,4.146B,552.00M,147.00M,6.051B,861.00M,6.816B,29.40B,449.00M,8.139B,4.87B,22.43B,21.26B,17.56B,1.262B,2.619B,3.293B
IP,2014-06,-2.628B,1.293B,4.06B,952.00M,0.37,0.37,4.632B,13.20B,1.839B,2014-06,2.798B,161.00M,-164.00M,-164.00M,13.20B,3.587B,11.04B,623.00M,4.441B,152.00M,22.00M,5.899B,813.00M,7.522B,30.80B,448.00M,8.751B,5.393B,23.11B,22.05B,17.72B,1.216B,2.918B,3.969B
IP,2014-03,-2.778B,1.341B,4.034B,561.00M,-0.21,-0.21,4.636B,13.19B,1.69B,2014-03,2.809B,-95.00M,-143.00M,-143.00M,13.19B,3.54B,10.91B,503.00M,4.467B,-139.00M,-80.00M,5.724B,794.00M,7.573B,30.70B,448.00M,8.733B,5.028B,22.95B,21.96B,17.92B,1.187B,2.954B,3.933B
IP,2013-12,-2.759B,1.802B,4.04B,661.00M,0.99,0.98,4.635B,33.75B,1.808B,2013-12,2.825B,436.00M,-133.00M,-133.00M,13.67B,3.765B,10.87B,571.00M,4.466B,239.00M,-559.00M,5.848B,830.00M,8.105B,31.53B,447.00M,9.025B,5.127B,23.24B,22.50B,18.12B,1.237B,2.90B,3.756B
IP,2013-09,-3.812B,1.946B,4.048B,783.00M,0.86,0.85,5.178B,13.70B,1.927B,2013-09,2.841B,382.00M,-147.00M,-147.00M,13.70B,3.33B,10.94B,609.00M,4.612B,403.00M,38.00M,5.975B,875.00M,7.23B,32.59B,447.00M,9.475B,5.395B,25.05B,23.11B,19.65B,1.318B,2.904B,4.024B
IP,2013-06,-4.036B,1.205B,5.414B,1.068B,0.58,0.57,5.392B,13.84B,1.921B,2013-06,2.745B,259.00M,-168.00M,-168.00M,13.84B,3.137B,11.10B,514.00M,4.555B,363.00M,94.00M,7.335B,964.00M,6.707B,32.54B,446.00M,9.268B,5.677B,25.52B,23.28B,19.84B,1.407B,2.926B,3.946B
IP,2013-03,-3.762B,934.00M,5.22B,727.00M,0.72,0.71,5.509B,14.14B,1.87B,2013-03,2.793B,318.00M,-164.00M,-164.00M,14.14B,3.105B,11.53B,453.00M,4.487B,230.00M,-69.00M,7.09B,989.00M,6.778B,32.70B,445.00M,8.981B,5.257B,25.56B,23.72B,20.31B,1.417B,2.902B,3.869B
IP,2012-12,-3.84B,1.302B,-107.00M,444.00M,0.54,0.53,5.181B,32.88B,1.201B,2012-12,2.73B,235.00M,-168.00M,-168.00M,13.95B,3.026B,11.73B,372.00M,4.51B,230.00M,49.00M,1.094B,432.00M,6.304B,32.15B,440.00M,8.905B,4.998B,25.52B,23.25B,20.52B,829.00M,2.775B,3.562B
IP,2012-09,-2.959B,3.994B,5.14B,413.00M,0.54,0.54,4.406B,33.32B,1.886B,2012-09,2.667B,237.00M,-163.00M,-163.00M,14.54B,3.782B,12.08B,534.00M,4.521B,320.00M,130.00M,7.026B,930.00M,7.006B,32.56B,439.00M,8.993B,4.997B,25.22B,23.57B,20.22B,1.352B,2.69B,3.699B
IP,2012-06,-3.124B,0,5.27B,838.00M,0.31,0.31,4.23B,32.99B,1.807B,2012-06,2.65B,134.00M,-172.00M,-172.00M,14.57B,3.905B,12.62B,475.00M,4.331B,204.00M,57.00M,7.077B,922.00M,6.675B,33.09B,439.00M,9.281B,5.227B,25.99B,23.81B,20.77B,1.332B,2.696B,3.601B
IP,2012-03,-2.702B,0,4.984B,738.00M,0.43,0.43,4.218B,15.84B,1.671B,2012-03,2.748B,188.00M,-168.00M,-168.00M,15.84B,4.025B,13.04B,408.00M,4.243B,213.00M,70.00M,6.655B,860.00M,7.061B,33.85B,439.00M,9.212B,5.033B,26.36B,24.64B,21.32B,1.263B,2.777B,3.802B
IP,2011-12,-3.005B,0,4.662B,719.00M,0.65,0.65,2.667B,30.41B,1.705B,2011-12,2.32B,281.00M,-138.00M,-138.00M,11.82B,2.497B,9.189B,571.00M,3.976B,416.00M,154.00M,6.367B,778.00M,6.645B,27.02B,439.00M,10.46B,4.738B,20.03B,16.56B,15.30B,1.134B,2.50B,3.486B
IP,2011-09,-2.077B,0,4.793B,644.00M,1.08,1.08,2.243B,12.08B,1.839B,2011-09,2.326B,468.00M,-130.00M,-130.00M,12.08B,2.715B,7.801B,642.00M,3.603B,381.00M,-84.00M,6.632B,829.00M,7.402B,25.83B,439.00M,9.935B,4.747B,18.17B,15.90B,13.42B,1.197B,2.494B,3.83B
IP,2011-06,-1.362B,0,4.88B,610.00M,0.51,0.51,2.344B,12.62B,1.768B,2011-06,2.405B,219.00M,-137.00M,-137.00M,12.62B,2.824B,7.875B,549.00M,3.786B,293.00M,118.00M,6.648B,845.00M,7.706B,26.04B,439.00M,9.416B,4.821B,18.08B,16.63B,13.25B,1.219B,2.575B,3.961B
IP,2011-03,-1.611B,0,4.625B,375.00M,0.82,0.81,2.32B,12.72B,1.762B,2011-03,2.39B,354.00M,-136.00M,-136.00M,12.72B,2.805B,8.156B,557.00M,3.767B,368.00M,123.00M,6.387B,825.00M,7.32B,25.60B,439.00M,8.488B,4.497B,18.02B,17.11B,13.52B,1.205B,2.541B,3.428B
