Ticker,Date,Accrued Comprehensive Inc,Cash and Short Term Investments,Cost of Goods Sold,Current Debt & Capital Lease Obligation,Current Deferred Liabilities,EPS Basic,EPS Diluted,Goodwill and Intangibles,Gross PP&E,Gross Profit,Income (Quarterly),Inventories,Net Income,Net Non-Operating Interest Income Expense,Net Operating Interest Income,Net PP&E,Non-Current Deferred Liabilities,Non-Current Portion of LTD and Capital Lease Obligation,Operating Income,Payables and Accrued Expenses,Pre-Tax Income,Provision for Income Taxes,Research and Development Expense,Revenue,SG&A Expense,Shareholders Equity,Total Assets,Total Capital Stock,Total Current Assets,Total Current Liabilities,Total Liabilities,Total Long Term Assets,Total Long Term Liabilities,Total Operating Expenses,Total Payables,Total Receivables
IPGP,2020-12,-146.06M,1.391B,189.75M,9.588M,71.25M,0.92,0.92,103.48M,1.085B,146.88M,2020-12,364.99M,49.34M,0.173M,0.173M,597.53M,92.85M,34.16M,70.43M,70.96M,65.60M,15.92M,31.77M,336.63M,44.69M,2.593B,2.936B,0.006M,2.148B,214.58M,341.59M,787.62M,127.01M,76.45M,34.03M,264.32M
IPGP,2020-09,-193.83M,1.302B,165.65M,9.365M,57.03M,0.67,0.66,102.73M,1.010B,152.79M,2020-09,370.34M,35.60M,1.168M,1.168M,576.40M,87.30M,35.12M,74.71M,77.78M,42.52M,6.992M,31.71M,318.44M,46.37M,2.470B,2.795B,0.006M,2.032B,201.44M,323.86M,763.28M,122.41M,78.08M,41.18M,240.35M
IPGP,2020-06,-184.50M,1.249B,159.96M,8.913M,54.59M,0.72,0.71,149.91M,878.58M,136.45M,2020-06,367.17M,38.23M,1.856M,1.856M,585.64M,90.07M,36.07M,61.14M,78.25M,49.51M,11.15M,31.58M,296.41M,43.72M,2.436B,2.759B,0.006M,1.951B,195.29M,321.43M,808.21M,126.14M,75.31M,43.28M,203.57M
IPGP,2020-03,-220.08M,1.195B,146.37M,8.723M,62.50M,0.69,0.68,152.46M,0,102.88M,2020-03,363.38M,36.40M,3.073M,3.073M,580.98M,91.75M,37.02M,25.23M,78.53M,48.06M,11.29M,31.84M,249.24M,45.81M,2.355B,2.680B,0.006M,1.875B,195.43M,324.20M,805.61M,128.77M,77.64M,43.00M,200.65M
IPGP,2019-12,-146.92M,1.183B,182.42M,9.04M,59.53M,-0.08,-0.08,156.36M,0,124.20M,2019-12,380.79M,-4.45M,2.501M,2.501M,600.85M,98.12M,37.97M,49.82M,74.45M,2.96M,7.263M,30.47M,306.63M,43.91M,2.402B,2.730B,0.005M,1.897B,191.90M,327.99M,833.80M,136.09M,74.38M,38.38M,238.48M
IPGP,2019-09,-174.31M,1.079B,176.28M,9.037M,49.36M,1.08,1.07,195.52M,0,152.86M,2019-09,417.16M,57.25M,3.734M,3.734M,596.14M,105.77M,38.91M,74.95M,89.23M,77.36M,20.23M,32.16M,329.14M,45.74M,2.380B,2.731B,0.005M,1.866B,205.56M,350.24M,865.39M,144.68M,77.90M,50.41M,252.93M
IPGP,2019-06,-143.94M,1.043B,183.53M,9.352M,61.51M,1.36,1.34,200.77M,0,180.24M,2019-06,426.00M,72.27M,4.051M,4.051M,600.98M,107.98M,39.85M,96.16M,96.13M,95.80M,23.28M,34.87M,363.77M,49.20M,2.367B,2.737B,0.005M,1.863B,222.23M,370.06M,874.33M,147.83M,84.07M,57.31M,273.70M
IPGP,2019-03,-157.75M,1.030B,166.14M,8.689M,55.24M,1.04,1.02,203.63M,0,148.91M,2019-03,417.82M,55.16M,3.952M,3.952M,570.76M,109.85M,40.78M,69.93M,94.01M,72.26M,17.34M,32.50M,315.05M,46.49M,2.268B,2.629B,0.005M,1.792B,209.82M,360.45M,836.64M,150.63M,78.98M,52.98M,231.85M
IPGP,2018-12,-162.90M,1.045B,163.30M,3.671M,52.61M,1.42,1.4,187.86M,0,166.75M,2018-12,403.58M,75.56M,4.132M,4.132M,543.07M,80.73M,41.71M,91.39M,129.39M,100.86M,25.40M,31.50M,330.05M,43.86M,2.206B,2.574B,0.005M,1.805B,245.77M,368.22M,769.03M,122.44M,75.36M,87.46M,255.51M
IPGP,2018-09,-144.41M,1.122B,161.16M,3.654M,48.27M,1.88,1.84,102.61M,0,195.18M,2018-09,397.41M,100.52M,3.884M,3.884M,529.16M,94.68M,42.63M,125.55M,109.02M,128.17M,27.42M,30.91M,356.35M,38.72M,2.206B,2.562B,0.005M,1.882B,217.98M,355.29M,679.81M,137.31M,69.63M,77.27M,251.61M
IPGP,2018-06,-129.36M,1.126B,178.64M,3.637M,46.99M,2.27,2.21,106.86M,743.92M,234.98M,2018-06,376.02M,121.62M,0.729M,0.729M,514.77M,104.49M,43.55M,164.51M,105.80M,163.51M,41.89M,31.81M,413.61M,38.65M,2.172B,2.530B,0.005M,1.836B,210.28M,358.32M,694.44M,148.04M,70.47M,72.33M,242.13M
IPGP,2018-03,-50.69M,1.176B,156.50M,3.621M,50.34M,1.98,1.93,104.99M,606.61M,203.36M,2018-03,356.38M,106.33M,0.311M,0.311M,483.91M,112.61M,44.47M,135.80M,88.10M,141.85M,35.52M,28.55M,359.86M,39.01M,2.145B,2.498B,0.005M,1.865B,195.56M,352.64M,633.12M,157.08M,67.56M,56.19M,235.48M
IPGP,2017-12,-77.34M,1.116B,152.26M,3.604M,47.32M,0.99,0.96,107.05M,0,208.79M,2017-12,307.71M,52.96M,0.086M,0.086M,460.21M,100.65M,45.38M,147.17M,84.77M,148.42M,95.47M,26.59M,361.06M,35.03M,2.022B,2.367B,0.005M,1.754B,198.90M,344.93M,613.24M,146.03M,61.62M,50.88M,237.28M
IPGP,2017-09,-89.30M,1.046B,168.06M,3.576M,43.42M,2.16,2.11,100.81M,0,224.56M,2017-09,282.50M,115.60M,-0.125M,-0.125M,441.49M,58.48M,46.30M,164.14M,74.65M,160.56M,44.96M,25.54M,392.62M,34.88M,1.959B,2.246B,0.005M,1.643B,182.19M,286.97M,603.53M,104.78M,60.42M,44.33M,226.76M
IPGP,2017-06,-119.17M,930.42M,163.08M,1.188M,44.70M,1.95,1.91,61.02M,0,206.30M,2017-06,260.66M,104.12M,0.468M,0.468M,389.85M,48.02M,21.38M,148.32M,67.54M,141.63M,37.53M,25.96M,369.37M,32.01M,1.804B,2.031B,0.005M,1.511B,156.78M,226.18M,519.77M,69.40M,57.97M,39.10M,237.33M
IPGP,2017-03,-151.63M,862.80M,128.58M,3.188M,43.21M,1.4,1.38,47.72M,0,157.27M,2017-03,261.89M,74.94M,0.308M,0.308M,395.86M,41.73M,36.84M,105.93M,73.73M,101.26M,26.33M,22.78M,285.85M,28.55M,1.666B,1.903B,0.005M,1.391B,157.74M,236.30M,511.56M,78.56M,51.33M,48.81M,180.23M
IPGP,2016-12,-178.58M,830.63M,124.79M,3.188M,34.57M,1.42,1.39,48.62M,0,155.34M,2016-12,239.01M,75.13M,0.469M,0.469M,379.38M,36.36M,37.64M,103.38M,76.76M,106.28M,31.15M,22.11M,280.12M,29.85M,1.558B,1.790B,0.005M,1.301B,158.28M,232.28M,489.04M,74.00M,51.96M,52.60M,155.90M
IPGP,2016-09,-148.43M,772.53M,121.23M,3.188M,36.77M,1.3,1.29,48.51M,0,144.79M,2016-09,242.37M,69.24M,0.373M,0.373M,367.47M,30.22M,38.43M,96.99M,76.50M,94.65M,25.43M,20.54M,266.02M,27.26M,1.503B,1.727B,0.005M,1.276B,155.63M,224.28M,450.80M,68.66M,47.80M,52.02M,162.72M
IPGP,2016-06,-156.45M,714.08M,115.08M,3.188M,30.08M,1.26,1.25,49.86M,0,137.70M,2016-06,241.28M,67.06M,0.27M,0.27M,350.43M,31.94M,39.23M,93.45M,71.05M,95.42M,28.39M,18.41M,252.79M,25.84M,1.423B,1.629B,0.005M,1.197B,134.98M,206.14M,432.06M,71.17M,44.25M,47.10M,151.48M
IPGP,2016-03,-152.99M,739.96M,92.84M,2.00M,27.18M,0.93,0.92,11.57M,0,114.41M,2016-03,226.91M,49.33M,0.192M,0.192M,309.21M,35.26M,17.17M,74.99M,95.06M,70.22M,20.89M,17.49M,207.25M,21.94M,1.346B,1.550B,0.005M,1.198B,150.67M,203.10M,352.46M,52.43M,39.42M,73.93M,146.50M
IPGP,2015-12,-181.48M,689.12M,101.58M,2.00M,21.52M,1.15,1.14,12.41M,475.40M,122.04M,2015-12,203.74M,60.70M,0.034M,0.034M,288.60M,33.31M,17.67M,80.92M,84.65M,82.55M,21.87M,17.77M,223.63M,23.36M,1.260B,1.453B,0.005M,1.103B,141.79M,192.76M,350.84M,50.97M,41.13M,64.12M,150.48M
IPGP,2015-09,-155.80M,651.22M,110.24M,2.248M,27.40M,1.19,1.18,13.25M,439.05M,133.30M,2015-09,197.64M,62.79M,-0.04M,-0.04M,286.51M,25.30M,18.17M,94.69M,86.23M,89.65M,26.90M,16.22M,243.54M,22.40M,1.215B,1.408B,0.005M,1.078B,148.85M,192.32M,330.13M,43.47M,38.62M,65.95M,154.81M
IPGP,2015-06,-139.26M,571.51M,106.44M,3.60M,26.10M,1.16,1.15,14.53M,403.73M,128.70M,2015-06,190.85M,61.30M,-0.112M,-0.112M,288.55M,26.35M,18.67M,90.61M,69.19M,87.49M,26.25M,15.11M,235.14M,22.98M,1.162B,1.335B,0.005M,1.002B,125.77M,170.79M,332.17M,45.02M,38.09M,50.23M,169.83M
IPGP,2015-03,-150.54M,541.47M,91.13M,13.52M,28.58M,1.09,1.08,15.43M,0,107.83M,2015-03,174.14M,57.36M,-0.184M,-0.184M,274.14M,26.44M,19.17M,73.27M,58.61M,81.92M,24.58M,14.23M,198.96M,20.33M,1.079B,1.249B,0.005M,931.03M,123.13M,168.74M,318.23M,45.61M,34.56M,41.52M,149.78M
IPGP,2014-12,-112.26M,522.15M,93.48M,15.96M,19.85M,1.08,1.07,9.682M,0,113.92M,2014-12,171.01M,56.43M,0.066M,0.066M,275.08M,22.58M,19.67M,77.05M,54.59M,79.76M,23.32M,13.81M,207.40M,23.06M,1.047B,1.211B,0.005M,893.84M,122.08M,164.33M,317.05M,42.25M,36.86M,38.81M,143.11M
IPGP,2014-09,-54.47M,487.52M,90.56M,13.94M,24.66M,1.06,1.05,10.30M,0,109.09M,2014-09,179.48M,55.20M,-0.004M,-0.004M,271.29M,20.67M,11.00M,73.98M,59.79M,77.75M,22.55M,13.45M,199.65M,21.67M,1.037B,1.185B,0.005M,863.25M,128.01M,148.68M,322.13M,20.67M,35.12M,44.06M,136.63M
IPGP,2014-06,-7.601M,483.43M,87.98M,14.72M,24.40M,0.93,0.92,8.927M,0,104.23M,2014-06,178.92M,48.28M,0,0,268.12M,21.35M,11.33M,69.69M,47.09M,68.99M,20.70M,13.36M,192.20M,21.17M,1.024B,1.158B,0.005M,854.09M,113.17M,134.53M,304.29M,21.35M,34.53M,31.88M,124.14M
IPGP,2014-03,-14.33M,480.61M,81.29M,3.633M,30.06M,0.78,0.77,9.473M,0,89.28M,2014-03,170.56M,40.53M,-0.139M,-0.139M,249.36M,21.42M,11.67M,56.42M,47.76M,57.98M,17.45M,12.78M,170.58M,20.08M,961.32M,1.097B,0.005M,825.13M,103.28M,135.70M,271.88M,32.42M,32.86M,32.67M,107.60M
IPGP,2013-12,-1.701M,448.78M,84.34M,4.629M,20.60M,0.71,0.7,10.02M,0,81.52M,2013-12,172.70M,36.60M,0.024M,0.024M,252.24M,21.84M,0,50.42M,49.12M,48.98M,12.39M,10.88M,165.86M,20.23M,927.97M,1.061B,0.005M,786.34M,100.08M,133.25M,274.87M,33.17M,31.10M,34.00M,103.80M
IPGP,2013-09,-4.961M,398.36M,79.34M,2.88M,21.98M,0.82,0.81,10.59M,0,92.81M,2013-09,171.27M,42.34M,0.063M,0.063M,236.51M,16.64M,0,61.34M,56.08M,60.05M,17.72M,11.50M,172.15M,19.98M,875.69M,1.010B,0.005M,749.21M,105.81M,134.11M,260.59M,28.30M,31.48M,41.32M,120.64M
IPGP,2013-06,-16.91M,369.48M,78.25M,3.155M,18.85M,0.81,0.8,11.41M,337.25M,89.92M,2013-06,154.09M,41.72M,-0.035M,-0.035M,225.20M,16.09M,12.00M,59.76M,50.47M,59.60M,17.88M,10.48M,168.17M,19.67M,815.97M,939.26M,0.005M,691.58M,95.20M,123.29M,247.67M,28.09M,30.16M,36.39M,114.50M
IPGP,2013-03,-12.64M,355.72M,66.21M,11.33M,21.48M,0.68,0.67,14.67M,262.28M,75.64M,2013-03,142.10M,35.13M,-0.053M,-0.053M,219.00M,18.40M,12.52M,49.16M,37.55M,49.66M,14.54M,8.798M,141.85M,17.68M,773.22M,892.26M,0.005M,649.37M,88.11M,119.03M,242.89M,30.92M,26.48M,23.77M,102.79M
IPGP,2012-12,-3.094M,384.05M,69.86M,3.947M,27.00M,0.68,0.67,10.41M,0,75.17M,2012-12,139.62M,34.91M,-0.222M,-0.222M,210.56M,13.10M,14.01M,48.89M,72.53M,48.03M,13.11M,9.27M,145.03M,17.01M,742.93M,895.50M,0.005M,664.96M,125.46M,152.57M,230.54M,27.12M,26.28M,60.23M,96.63M
IPGP,2012-09,-10.70M,372.57M,70.42M,6.472M,28.89M,0.83,0.81,10.99M,0,85.96M,2012-09,135.12M,42.44M,0.055M,0.055M,195.15M,8.961M,14.34M,61.80M,85.92M,60.27M,17.83M,7.762M,156.38M,16.39M,729.57M,878.38M,0.005M,661.11M,121.28M,148.81M,217.28M,27.53M,24.16M,51.90M,124.62M
IPGP,2012-06,-21.21M,355.34M,63.02M,5.617M,26.17M,0.74,0.72,4.946M,0,74.91M,2012-06,121.98M,37.74M,0.615M,0.615M,177.44M,4.661M,14.67M,53.09M,55.17M,56.97M,17.12M,7.229M,137.93M,14.59M,669.73M,798.01M,0.005M,602.96M,103.78M,128.28M,195.06M,24.50M,21.82M,44.39M,100.08M
IPGP,2012-03,0.877M,395.52M,54.51M,11.23M,9.69M,0.63,0.61,5.727M,0,68.68M,2012-03,123.43M,29.92M,-0.129M,-0.129M,169.88M,2.766M,15.13M,46.46M,82.22M,43.95M,13.41M,7.14M,123.19M,15.08M,658.37M,834.90M,0.005M,647.68M,103.14M,128.15M,187.23M,25.01M,22.22M,38.21M,102.86M
IPGP,2011-12,-12.10M,205.68M,57.10M,8.67M,20.72M,0.66,0.64,6.157M,0,66.42M,2011-12,116.98M,31.09M,-0.096M,-0.096M,155.20M,0,15.73M,44.62M,42.87M,46.18M,14.33M,6.58M,123.52M,15.22M,443.32M,608.13M,0.005M,434.46M,93.71M,164.52M,173.68M,70.81M,21.80M,32.35M,75.76M
IPGP,2011-09,-2.447M,196.59M,58.60M,9.277M,5.863M,0.68,0.66,6.954M,0,70.46M,2011-09,117.28M,32.87M,-0.209M,-0.209M,143.34M,0,16.30M,47.30M,95.52M,49.17M,14.90M,6.501M,129.06M,16.65M,418.73M,596.32M,0.005M,431.61M,110.66M,131.71M,164.71M,21.05M,23.15M,44.27M,80.36M
IPGP,2011-06,17.00M,188.20M,55.23M,8.791M,8.866M,0.65,0.63,7.736M,0,66.71M,2011-06,109.27M,30.74M,-0.17M,-0.17M,141.90M,0,16.76M,45.92M,73.17M,45.33M,13.83M,6.61M,121.94M,14.18M,402.16M,561.38M,0.005M,399.80M,90.83M,112.25M,161.58M,21.42M,20.79M,22.44M,77.70M
IPGP,2011-03,13.89M,160.62M,46.29M,8.118M,7.557M,0.49,0.47,8.104M,0,53.67M,2011-03,88.70M,23.07M,-0.206M,-0.206M,131.30M,0,17.11M,34.82M,67.73M,33.90M,10.52M,5.731M,99.96M,13.12M,360.24M,489.57M,0.005M,336.81M,83.40M,103.28M,152.76M,19.88M,18.85M,20.21M,60.35M
