Ticker,Date,Accrued Comprehensive Inc,Cash and Short Term Investments,Cost of Goods Sold,Current Debt & Capital Lease Obligation,Current Deferred Liabilities,EPS Basic,EPS Diluted,Goodwill and Intangibles,Gross PP&E,Gross Profit,Income (Quarterly),Inventories,Net Income,Net Non-Operating Interest Income Expense,Net Operating Interest Income,Net PP&E,Non-Current Deferred Liabilities,Non-Current Portion of LTD and Capital Lease Obligation,Operating Income,Payables and Accrued Expenses,Pre-Tax Income,Provision for Income Taxes,Research and Development Expense,Revenue,SG&A Expense,Shareholders Equity,Total Assets,Total Capital Stock,Total Current Assets,Total Current Liabilities,Total Liabilities,Total Long Term Assets,Total Long Term Liabilities,Total Operating Expenses,Total Payables,Total Receivables
ISRG,2021-03,11.40M,4.558B,389.50M,0,370.80M,3.61,3.51,431.70M,2.335B,902.60M,2021-03,576.80M,426.30M,32.00M,32.00M,1.593B,31.10M,0,416.80M,339.00M,448.80M,13.60M,159.80M,1.292B,326.00M,10.15B,11.54B,0.10M,6.066B,904.60M,1.350B,5.474B,445.60M,485.80M,153.80M,733.30M
ISRG,2020-12,24.90M,5.172B,433.30M,0,360.70M,3.11,3.02,414.10M,1.836B,895.80M,2020-12,601.50M,365.20M,20.70M,20.70M,1.577B,32.10M,0,415.80M,369.50M,436.50M,72.90M,149.80M,1.329B,330.20M,9.732B,11.17B,0.10M,6.626B,965.20M,1.410B,4.543B,444.60M,480.00M,128.80M,726.60M
ISRG,2020-09,16.20M,4.718B,353.40M,0,366.80M,2.68,2.6,425.20M,1.248B,724.30M,2020-09,662.90M,313.90M,84.80M,84.80M,1.510B,30.30M,0,270.40M,352.70M,355.20M,38.40M,155.00M,1.078B,298.90M,9.258B,10.62B,0.10M,6.300B,894.70M,1.331B,4.317B,436.10M,453.90M,151.30M,588.60M
ISRG,2020-06,22.30M,4.488B,349.20M,0,384.90M,0.58,0.57,437.80M,0,502.90M,2020-06,645.50M,68.00M,26.60M,26.60M,1.450B,28.40M,0,80.60M,371.20M,107.20M,37.00M,143.20M,852.10M,279.10M,8.740B,10.10B,0.10M,5.899B,924.80M,1.337B,4.205B,412.40M,422.30M,146.60M,508.80M
ISRG,2020-03,8.90M,3.253B,361.30M,0,378.70M,2.69,2.62,823.00M,0,738.20M,2020-03,620.30M,313.50M,25.10M,25.10M,1.369B,28.80M,0,283.00M,410.70M,308.10M,-8.10M,147.10M,1.100B,308.10M,8.507B,9.891B,0.10M,4.692B,945.90M,1.361B,5.200B,414.70M,455.20M,168.00M,527.60M
ISRG,2019-12,12.40M,3.222B,381.70M,0,373.50M,3.09,2.99,419.30M,0,896.00M,2019-12,595.50M,357.70M,34.10M,34.10M,1.273B,27.40M,0,397.60M,405.10M,431.70M,69.00M,156.60M,1.278B,341.80M,8.264B,9.733B,0.10M,4.663B,1.030B,1.448B,5.071B,418.30M,498.40M,161.40M,708.30M
ISRG,2019-09,17.80M,2.898B,342.60M,0,367.40M,3.44,3.33,720.40M,0,785.60M,2019-09,579.60M,396.80M,33.30M,33.30M,1.137B,27.90M,0,365.70M,376.10M,399.00M,0.30M,135.90M,1.128B,284.00M,7.761B,9.131B,0.10M,4.317B,930.90M,1.354B,4.814B,423.30M,419.90M,158.60M,639.00M
ISRG,2019-06,16.10M,2.718B,339.90M,0,306.80M,2.76,2.67,628.70M,0,759.00M,2019-06,512.80M,318.30M,32.80M,32.80M,1.032B,31.70M,0,359.00M,340.20M,391.80M,75.40M,120.80M,1.099B,279.20M,7.265B,8.532B,0.10M,4.072B,807.50M,1.252B,4.46B,444.50M,400.00M,153.90M,633.40M
ISRG,2019-03,-0.70M,2.809B,304.10M,0,298.40M,2.67,2.56,626.20M,0,669.60M,2019-03,468.30M,306.50M,27.50M,27.50M,935.40M,30.80M,0,252.20M,316.70M,279.70M,-24.30M,144.00M,973.70M,273.40M,7.024B,8.235B,0.10M,4.025B,740.20M,1.194B,4.210B,454.30M,417.40M,150.60M,547.60M
ISRG,2018-12,-13.30M,3.063B,310.80M,0,298.90M,2.55,2.45,307.30M,0,735.70M,2018-12,409.00M,292.50M,26.80M,26.80M,812.00M,33.00M,0,332.00M,327.90M,358.80M,67.50M,119.90M,1.046B,283.80M,6.679B,7.847B,0.10M,4.333B,820.60M,1.159B,3.514B,338.60M,403.70M,139.80M,682.30M
ISRG,2018-09,-16.70M,3.136B,278.60M,0,281.00M,2.57,2.45,473.50M,960.10M,642.30M,2018-09,370.10M,292.50M,21.90M,21.90M,746.40M,26.10M,0,313.30M,276.20M,335.20M,43.40M,107.60M,920.90M,221.40M,6.281B,7.319B,0.10M,4.253B,703.30M,1.030B,3.066B,326.80M,329.00M,119.20M,580.40M
ISRG,2018-06,-16.40M,2.932B,277.00M,0,272.10M,2.25,2.15,432.20M,780.30M,632.30M,2018-06,331.50M,255.30M,18.20M,18.20M,688.80M,30.10M,0,277.40M,266.30M,295.60M,41.00M,95.10M,909.30M,259.80M,5.861B,6.850B,0.10M,3.986B,666.40M,980.40M,2.864B,314.00M,354.90M,120.10M,532.50M
ISRG,2018-03,-18.10M,2.517B,253.70M,0,254.60M,2.55,2.44,404.90M,0,593.80M,2018-03,283.60M,287.60M,13.20M,13.20M,661.90M,25.40M,0,276.70M,223.00M,289.90M,2.60M,95.50M,847.50M,221.60M,5.497B,6.426B,0.10M,3.382B,581.20M,919.80M,3.044B,338.60M,317.10M,96.30M,474.90M
ISRG,2017-12,-15.50M,1.961B,258.00M,0,243.80M,-0.35,-0.35,227.10M,0,634.00M,2017-12,241.20M,-31.50M,12.30M,12.30M,613.10M,24.80M,0,329.00M,251.40M,341.30M,372.80M,87.10M,892.00M,217.90M,4.779B,5.777B,0.10M,2.809B,662.80M,996.40M,2.968B,333.60M,305.00M,145.60M,507.90M
ISRG,2017-09,-9.20M,2.147B,239.70M,0,282.50M,2.67,2.56,355.90M,0,568.10M,2017-09,225.20M,298.60M,10.80M,10.80M,584.80M,0,0,280.60M,208.50M,291.40M,-7.20M,83.40M,807.80M,204.10M,4.958B,5.645B,0.10M,2.929B,615.70M,684.70M,2.716B,69.00M,287.50M,80.40M,468.00M
ISRG,2017-06,-9.80M,1.823B,228.70M,0,288.90M,2.01,1.94,353.50M,0,530.10M,2017-06,214.20M,223.00M,10.10M,10.10M,540.10M,0,0,259.90M,199.80M,270.00M,47.00M,84.60M,758.80M,185.60M,4.522B,5.251B,0,2.642B,599.80M,728.50M,2.609B,128.70M,270.20M,74.20M,481.10M
ISRG,2017-03,-8.00M,1.465B,209.80M,0,273.30M,1.62,1.57,341.30M,0,469.80M,2017-03,213.50M,180.80M,8.70M,8.70M,497.40M,0,0,193.40M,199.00M,202.10M,21.30M,73.50M,679.60M,202.90M,4.128B,4.808B,0,2.168B,558.20M,680.50M,2.640B,122.30M,276.40M,74.00M,412.90M
ISRG,2016-12,-8.90M,2.555B,229.00M,0,240.60M,1.753,1.71,232.60M,0,530.00M,2016-12,182.30M,206.40M,11.70M,11.70M,458.40M,0,0,268.90M,219.50M,280.60M,74.20M,69.10M,759.00M,192.00M,5.778B,6.487B,0,3.250B,596.50M,709.10M,3.236B,112.60M,261.10M,108.90M,430.20M
ISRG,2016-09,4.00M,2.215B,195.90M,0,229.60M,1.82,1.77,336.90M,0,487.00M,2016-09,183.50M,211.00M,10.40M,10.40M,447.30M,0,0,256.40M,194.40M,266.80M,55.80M,62.60M,682.90M,168.00M,5.542B,6.175B,0,2.911B,528.10M,632.90M,3.263B,104.80M,230.60M,92.80M,432.00M
ISRG,2016-06,9.30M,2.184B,199.20M,0,228.60M,1.607,1.57,345.40M,0,470.90M,2016-06,169.20M,184.50M,8.00M,8.00M,440.10M,0,0,245.40M,166.40M,253.40M,68.90M,54.70M,670.10M,170.80M,5.182B,5.781B,0,2.827B,489.50M,599.30M,2.953B,109.80M,225.50M,64.80M,403.80M
ISRG,2016-03,1.30M,1.808B,189.50M,0,225.30M,1.207,1.18,332.60M,699.20M,405.00M,2016-03,163.00M,136.40M,5.50M,5.50M,439.00M,0,0,179.00M,150.10M,184.50M,48.10M,53.20M,594.50M,172.80M,4.750B,5.306B,0,2.406B,452.90M,555.90M,2.900B,103.00M,226.00M,57.90M,325.90M
ISRG,2015-12,-9.50M,1.560B,217.70M,0,225.60M,1.697,1.663,250.80M,610.30M,458.80M,2015-12,167.90M,190.00M,5.90M,5.90M,432.10M,0,0,245.90M,149.00M,251.80M,61.80M,52.60M,676.50M,160.30M,4.320B,4.907B,0,2.196B,491.90M,587.80M,2.712B,95.90M,212.90M,64.00M,394.30M
ISRG,2015-09,-2.70M,1.740B,193.90M,0,225.00M,1.497,1.467,331.10M,484.20M,395.80M,2015-09,194.00M,167.30M,3.70M,3.70M,427.30M,0,0,189.90M,163.20M,193.60M,26.30M,51.00M,589.70M,154.90M,4.115B,4.682B,0,2.399B,478.60M,567.10M,2.284B,88.50M,205.90M,58.00M,334.70M
ISRG,2015-06,-6.40M,1.562B,199.60M,0,216.80M,1.213,1.187,326.70M,0,386.50M,2015-06,201.30M,134.50M,4.60M,4.60M,408.60M,0,0,173.80M,170.60M,178.40M,43.90M,49.40M,586.10M,163.30M,3.793B,4.354B,0,2.163B,474.40M,561.80M,2.191B,87.40M,212.70M,64.70M,321.50M
ISRG,2015-03,-1.20M,1.362B,195.30M,0,212.00M,0.88,0.8567,318.30M,0,336.80M,2015-03,202.40M,97.00M,4.30M,4.30M,404.70M,0,0,130.40M,175.80M,134.70M,37.70M,44.40M,532.10M,162.00M,3.585B,4.126B,0,1.959B,456.90M,540.80M,2.167B,83.90M,206.40M,67.90M,292.40M
ISRG,2014-12,-5.10M,1.232B,211.30M,0,216.60M,1.34,1.31,272.10M,0,393.40M,2014-12,181.70M,146.80M,-1.30M,-1.30M,387.40M,0,0,186.10M,188.40M,184.80M,38.00M,47.30M,604.70M,160.00M,3.379B,3.959B,0,1.812B,501.20M,580.00M,2.148B,78.80M,207.30M,69.00M,315.10M
ISRG,2014-09,1.40M,1.014B,189.50M,0,217.80M,1.143,1.117,332.60M,0,360.60M,2014-09,198.90M,123.70M,2.00M,2.00M,335.40M,0,0,159.10M,186.60M,161.10M,37.40M,47.50M,550.10M,154.00M,3.084B,3.652B,0,1.592B,480.50M,567.30M,2.060B,86.80M,201.50M,53.60M,259.10M
ISRG,2014-06,0.60M,978.60M,167.80M,0,225.10M,0.94,0.9233,336.00M,0,344.40M,2014-06,202.40M,104.00M,-0.40M,-0.40M,326.70M,0,0,143.00M,196.30M,142.60M,38.60M,40.20M,512.20M,161.20M,2.822B,3.405B,0,1.533B,495.90M,582.20M,1.871B,86.30M,201.40M,58.90M,271.10M
ISRG,2014-03,3.80M,1.559B,149.30M,0,226.50M,0.3867,0.3767,259.90M,0,315.40M,2014-03,185.50M,44.30M,3.90M,3.90M,320.80M,0,0,56.60M,177.60M,60.50M,16.20M,43.00M,464.70M,215.80M,3.657B,4.194B,0,2.078B,459.50M,537.60M,2.117B,78.10M,258.80M,57.00M,239.10M
ISRG,2013-12,2.10M,1.404B,178.20M,0,200.10M,1.427,1.427,201.70M,0,398.00M,2013-12,179.60M,166.20M,5.90M,5.90M,309.90M,0,0,208.60M,110.10M,214.50M,48.30M,41.70M,576.20M,147.70M,3.501B,3.950B,0,1.932B,380.90M,448.90M,2.018B,68.00M,189.40M,51.30M,301.40M
ISRG,2013-09,0.40M,1.213B,142.30M,0,192.60M,1.353,1.33,228.70M,376.20M,356.70M,2013-09,200.10M,156.80M,3.90M,3.90M,294.20M,0,0,174.20M,119.80M,178.10M,21.30M,43.20M,499.00M,139.30M,3.264B,3.697B,0,1.734B,367.30M,433.10M,1.964B,65.80M,182.50M,62.00M,280.60M
ISRG,2013-06,-2.10M,1.290B,173.30M,0,196.70M,1.33,1.3,229.50M,305.80M,405.20M,2013-06,169.30M,159.10M,4.30M,4.30M,267.60M,0,0,218.50M,124.20M,222.80M,63.70M,41.20M,578.50M,145.50M,3.719B,4.201B,0,1.861B,390.90M,482.50M,2.340B,91.60M,186.70M,67.20M,358.60M
ISRG,2013-03,8.10M,1.358B,177.10M,0,192.10M,1.563,1.52,237.80M,0,434.30M,2013-03,135.50M,188.90M,4.30M,4.30M,249.90M,0,0,251.20M,119.50M,255.50M,66.60M,41.60M,611.40M,141.50M,3.772B,4.236B,0,1.895B,377.60M,463.60M,2.341B,86.00M,183.10M,67.90M,345.10M
ISRG,2012-12,6.60M,1.324B,171.40M,0,185.70M,1.457,1.417,241.50M,0,437.90M,2012-12,121.50M,174.90M,3.70M,3.70M,241.80M,0,0,248.10M,111.90M,251.80M,76.90M,41.70M,609.30M,148.10M,3.580B,4.059B,0,1.893B,401.60M,479.10M,2.166B,77.50M,189.80M,63.40M,370.30M
ISRG,2012-09,5.80M,1.141B,147.70M,0,171.80M,1.53,1.487,207.90M,0,390.10M,2012-09,125.80M,183.30M,4.30M,4.30M,223.40M,0,0,211.40M,118.20M,215.70M,32.40M,49.70M,537.80M,129.00M,3.294B,3.732B,0,1.653B,364.90M,438.70M,2.079B,73.80M,178.70M,56.10M,336.20M
ISRG,2012-06,3.60M,1.212B,150.10M,0,168.20M,1.293,1.25,213.40M,0,386.40M,2012-06,119.40M,154.90M,4.00M,4.00M,216.10M,0,0,225.30M,104.10M,229.30M,74.40M,40.20M,536.50M,120.90M,3.182B,3.626B,0,1.703B,346.80M,443.70M,1.923B,96.90M,161.10M,54.60M,323.20M
ISRG,2012-03,1.50M,971.30M,139.30M,0,160.50M,1.21,1.167,219.50M,0,355.90M,2012-03,118.80M,143.50M,3.80M,3.80M,210.10M,0,0,193.30M,95.40M,197.10M,53.60M,38.40M,495.20M,124.20M,2.927B,3.333B,0,1.436B,313.60M,405.60M,1.897B,92.00M,162.60M,49.80M,299.70M
ISRG,2011-12,0.90M,1.029B,133.90M,0,154.20M,1.287,1.257,187.90M,0,362.90M,2011-12,112.10M,151.20M,3.60M,3.60M,197.20M,0,0,199.50M,83.30M,203.10M,51.90M,41.40M,496.80M,122.00M,2.646B,3.063B,0,1.466B,320.60M,417.50M,1.597B,96.90M,163.40M,54.30M,297.90M
ISRG,2011-09,1.50M,910.60M,121.20M,0,143.70M,1.043,1.017,192.30M,0,325.50M,2011-09,108.60M,122.40M,1.90M,1.90M,196.00M,0,0,178.90M,80.10M,180.80M,58.40M,35.40M,446.70M,111.20M,2.369B,2.746B,0,1.312B,284.10M,377.00M,1.434B,92.90M,146.60M,43.20M,265.10M
ISRG,2011-06,2.60M,993.90M,119.10M,0,134.30M,0.9967,0.97,185.00M,0,306.60M,2011-06,100.10M,117.40M,4.10M,4.10M,194.20M,0,0,168.10M,85.10M,172.20M,54.80M,32.00M,425.70M,106.50M,2.288B,2.650B,0,1.365B,274.00M,361.40M,1.285B,87.40M,138.50M,37.50M,250.30M
