Ticker,Date,Accrued Comprehensive Inc,Cash and Short Term Investments,Cost of Goods Sold,Current Debt & Capital Lease Obligation,Current Deferred Liabilities,EPS Basic,EPS Diluted,Goodwill and Intangibles,Gross PP&E,Gross Profit,Income (Quarterly),Net Income,Net Non-Operating Interest Income Expense,Net Operating Interest Income,Net PP&E,Non-Current Deferred Liabilities,Non-Current Portion of LTD and Capital Lease Obligation,Operating Income,Payables and Accrued Expenses,Pre-Tax Income,Provision for Income Taxes,Revenue,SG&A Expense,Shareholders Equity,Total Assets,Total Capital Stock,Total Current Assets,Total Current Liabilities,Total Liabilities,Total Long Term Assets,Total Long Term Liabilities,Total Operating Expenses,Total Payables,Total Receivables
IT,2020-12,-99.23M,712.58M,351.43M,104.51M,1.975B,1.34,1.33,3.753B,1.324B,761.33M,2020-12,119.61M,-26.37M,-26.37M,984.05M,199.99M,2.738B,178.97M,833.55M,156.16M,36.55M,1.113B,525.98M,1.090B,7.316B,0.082M,2.323B,2.947B,6.226B,4.993B,3.278B,582.36M,508.18M,1.242B
IT,2020-09,-130.21M,553.72M,329.77M,20.51M,1.711B,0.19,0.19,3.760B,984.70M,664.85M,2020-09,16.96M,-30.54M,-30.54M,984.70M,26.05M,2.743B,89.37M,790.26M,14.17M,-2.797M,994.62M,521.51M,1.038B,6.841B,0.082M,1.865B,2.522B,5.803B,4.975B,3.282B,575.48M,431.19M,972.85M
IT,2020-06,-142.18M,356.63M,322.55M,38.02M,1.765B,0.62,0.61,3.783B,1.012B,650.58M,2020-06,55.08M,-30.30M,-30.30M,1.012B,214.22M,2.739B,101.81M,736.04M,58.96M,3.879M,973.14M,494.84M,991.22M,6.810B,0.082M,1.767B,2.539B,5.819B,5.043B,3.280B,548.78M,383.09M,1.071B
IT,2020-03,-168.97M,227.85M,341.28M,149.00M,1.847B,0.84,0.83,3.792B,1.025B,677.61M,2020-03,75.10M,-26.35M,-26.35M,1.025B,235.88M,2.849B,126.28M,533.95M,96.85M,21.76M,1.019B,496.64M,890.28M,6.800B,0.082M,1.773B,2.530B,5.910B,5.028B,3.380B,551.34M,0,1.149B
IT,2019-12,-77.94M,280.84M,450.87M,216.23M,1.928B,0.76,0.75,3.863B,1.339B,752.62M,2019-12,67.70M,-26.14M,-26.14M,1.047B,0,2.876B,141.45M,712.28M,110.58M,42.88M,1.203B,557.52M,938.59M,7.151B,0.082M,2.019B,2.857B,6.213B,5.133B,3.356B,611.18M,0,1.326B
IT,2019-09,-81.26M,306.73M,365.06M,130.43M,1.803B,0.46,0.46,3.876B,952.88M,635.45M,2019-09,41.39M,-24.07M,-24.07M,952.88M,0,2.828B,70.89M,593.70M,53.10M,11.71M,1.001B,512.16M,919.66M,6.737B,0.082M,1.707B,2.527B,5.818B,5.031B,3.290B,564.56M,0,1.028B
IT,2019-06,-73.48M,218.45M,388.00M,121.15M,1.796B,1.15,1.13,3.904B,928.98M,682.88M,2019-06,103.41M,-24.75M,-24.75M,928.98M,0,2.827B,115.64M,564.67M,91.01M,-12.40M,1.071B,514.98M,963.80M,6.730B,0.082M,1.691B,2.482B,5.766B,5.039B,3.284B,567.24M,0,1.113B
IT,2019-03,-61.57M,149.27M,346.64M,204.86M,1.838B,0.23,0.23,3.923B,905.59M,623.80M,2019-03,20.80M,-24.85M,-24.85M,905.59M,0,2.864B,51.57M,526.55M,21.05M,0.258M,970.44M,518.77M,856.90M,6.715B,0.082M,1.716B,2.569B,5.858B,4.999B,3.289B,572.23M,0,1.179B
IT,2018-12,-39.87M,156.37M,407.84M,165.58M,1.745B,0.93,0.92,3.966B,514.36M,681.04M,2018-12,84.02M,-24.56M,-24.56M,267.66M,0,2.281B,140.46M,710.11M,110.97M,26.95M,1.089B,488.06M,850.76M,6.201B,0.082M,1.812B,2.621B,5.351B,4.390B,2.730B,540.58M,0,1.255B
IT,2018-09,-22.68M,211.00M,336.11M,93.29M,1.651B,0.13,0.13,3.997B,0,585.56M,2018-09,11.75M,-26.98M,-26.98M,246.06M,0,2.077B,69.84M,599.66M,37.95M,26.20M,921.67M,447.54M,941.55M,5.945B,0.082M,1.535B,2.344B,5.003B,4.409B,2.660B,515.72M,0,979.18M
IT,2018-06,-24.05M,141.80M,367.64M,284.01M,1.688B,0.51,0.5,4.152B,432.02M,633.70M,2018-06,46.27M,-37.60M,-37.60M,225.90M,222.54M,2.147B,106.06M,542.07M,75.07M,28.80M,1.001B,460.80M,921.43M,6.153B,0.082M,1.608B,2.514B,5.232B,4.544B,2.718B,527.64M,412.12M,1.084B
IT,2018-03,32.22M,189.98M,357.21M,789.72M,1.720B,-0.22,-0.22,4.204B,306.12M,606.36M,2018-03,-19.59M,-35.06M,-35.06M,223.09M,33.81M,2.186B,50.56M,532.54M,-42.87M,-23.28M,963.56M,487.74M,987.57M,6.915B,0.082M,2.311B,3.186B,5.927B,4.604B,2.742B,555.80M,257.63M,1.135B
IT,2017-12,1.508M,538.91M,398.38M,379.72M,1.630B,1.18,1.16,4.279B,0,616.13M,2017-12,107.31M,-36.31M,-36.31M,221.51M,0,3.015B,79.24M,666.82M,28.38M,-78.93M,1.015B,465.37M,983.46M,7.283B,0.082M,2.589B,2.823B,6.300B,4.695B,3.477B,536.89M,0,1.177B
IT,2017-09,-1.216M,630.02M,332.21M,419.60M,1.512B,-0.53,-0.53,4.710B,0,495.88M,2017-09,-48.18M,-38.76M,-38.76M,216.02M,0,2.922B,6.151M,550.21M,-61.94M,-13.76M,828.08M,421.16M,863.41M,7.011B,0.082M,1.812B,2.482B,6.148B,5.199B,3.666B,489.73M,0,874.28M
IT,2017-06,-48.89M,589.28M,352.00M,277.58M,1.449B,-1.03,-1.03,4.765B,0,491.73M,2017-06,-92.28M,-43.96M,-43.96M,197.13M,0,3.140B,-0.056M,517.12M,-142.75M,-50.47M,843.73M,408.23M,853.68M,6.995B,0.082M,1.760B,2.244B,6.141B,5.235B,3.897B,491.78M,0,886.39M
IT,2017-03,-47.83M,1.228B,237.61M,29.37M,1.109B,0.44,0.43,936.54M,0,387.56M,2017-03,36.43M,-5.906M,-5.906M,126.42M,0,1.599B,66.79M,331.83M,48.50M,12.06M,625.17M,304.24M,102.82M,3.365B,0.078M,2.176B,1.470B,3.262B,1.190B,1.792B,320.77M,0,716.49M
IT,2016-12,-49.68M,474.23M,279.06M,30.00M,989.48M,0.8,0.79,815.25M,0,424.15M,2016-12,66.48M,-5.822M,-5.822M,121.61M,0,702.43M,118.33M,440.77M,106.18M,39.70M,703.22M,289.86M,60.88M,2.367B,0.078M,1.343B,1.460B,2.306B,1.024B,846.21M,305.83M,0,643.01M
IT,2016-09,-47.78M,465.73M,223.12M,40.00M,1.029B,0.37,0.36,824.70M,0,350.94M,2016-09,30.48M,-5.932M,-5.932M,118.79M,0,696.40M,65.28M,348.43M,44.75M,14.26M,574.06M,269.90M,-10.50M,2.278B,0.078M,1.246B,1.417B,2.288B,1.032B,870.81M,285.65M,0,560.20M
IT,2016-06,-48.00M,445.05M,231.42M,70.00M,1.030B,0.63,0.62,842.02M,0,378.58M,2016-06,51.63M,-7.356M,-7.356M,117.26M,0,756.02M,91.33M,287.48M,77.19M,25.56M,610.00M,272.01M,-52.83M,2.305B,0.078M,1.234B,1.387B,2.357B,1.071B,970.11M,287.24M,0,613.80M
IT,2016-03,-49.43M,403.94M,212.04M,57.50M,986.30M,0.55,0.54,808.59M,0,345.22M,2016-03,44.99M,-6.006M,-6.006M,108.63M,0,832.50M,72.80M,247.42M,60.31M,15.32M,557.27M,257.41M,-112.67M,2.212B,0.078M,1.179B,1.291B,2.324B,1.032B,1.033B,272.43M,0,602.88M
IT,2015-12,-44.40M,372.98M,257.22M,35.00M,900.80M,0.8,0.78,811.90M,274.37M,386.55M,2015-12,65.76M,-6.013M,-6.013M,108.73M,22.81M,783.83M,112.53M,387.69M,96.67M,30.90M,643.77M,258.81M,-132.40M,2.169B,0.078M,1.141B,1.323B,2.301B,1.028B,977.42M,274.02M,240.88M,580.76M
IT,2015-09,-49.27M,371.24M,193.60M,20.00M,925.06M,0.37,0.36,820.12M,259.61M,306.56M,2015-09,30.37M,-6.049M,-6.049M,109.56M,23.72M,820.00M,58.96M,290.04M,51.79M,21.43M,500.17M,236.36M,-159.59M,2.092B,0.078M,1.061B,1.235B,2.251B,1.030B,1.016B,247.60M,210.19M,482.30M
IT,2015-06,-35.62M,357.58M,210.50M,20.00M,922.23M,0.61,0.61,610.11M,240.92M,337.44M,2015-06,51.16M,-5.24M,-5.24M,107.11M,27.09M,695.00M,88.90M,262.29M,79.51M,28.36M,547.94M,237.99M,-170.16M,1.861B,0.078M,1.066B,1.205B,2.031B,794.97M,826.67M,248.54M,175.47M,527.62M
IT,2015-03,-42.33M,281.65M,177.76M,285.00M,895.43M,0.33,0.32,608.37M,0,293.42M,2015-03,28.35M,-3.48M,-3.48M,104.37M,0,380.00M,53.77M,240.30M,44.24M,15.89M,471.19M,229.52M,-139.51M,1.789B,0.078M,1.001B,1.421B,1.929B,788.72M,508.15M,239.65M,0,526.38M
IT,2014-12,-21.17M,365.30M,235.88M,20.00M,841.46M,0.67,0.66,617.35M,0,348.10M,2014-12,59.14M,-3.301M,-3.301M,97.99M,0,385.00M,101.69M,353.76M,92.29M,33.14M,583.98M,235.89M,161.17M,1.904B,0.078M,1.097B,1.215B,1.743B,807.69M,527.96M,246.41M,0,552.11M
IT,2014-09,-2.001M,341.22M,188.06M,245.00M,847.33M,0.38,0.38,626.73M,0,282.88M,2014-09,33.85M,-2.656M,-2.656M,93.62M,0,125.00M,55.41M,266.54M,46.45M,12.60M,470.94M,217.02M,152.52M,1.769B,0.078M,959.23M,1.359B,1.616B,809.72M,257.56M,227.48M,0,449.92M
IT,2014-06,9.953M,317.92M,203.18M,246.25M,847.88M,0.59,0.58,635.15M,0,316.64M,2014-06,53.04M,-2.68M,-2.68M,95.83M,0,128.75M,88.40M,251.42M,79.26M,26.22M,519.82M,218.54M,197.51M,1.797B,0.078M,971.77M,1.346B,1.599B,825.04M,253.75M,228.24M,0,493.22M
IT,2014-03,8.552M,283.28M,170.82M,222.50M,832.56M,0.41,0.4,624.32M,0,275.88M,2014-03,37.74M,-2.25M,-2.25M,94.21M,0,132.50M,62.53M,211.57M,56.69M,18.96M,446.70M,204.62M,236.72M,1.758B,0.078M,945.67M,1.267B,1.521B,812.04M,254.37M,213.36M,0,497.00M
IT,2013-12,8.345M,423.99M,210.11M,68.75M,766.11M,0.67,0.65,525.31M,0,310.60M,2013-12,61.42M,-2.133M,-2.133M,91.76M,0,136.25M,88.82M,325.06M,86.47M,25.05M,520.71M,212.80M,361.32M,1.784B,0.078M,1.085B,1.160B,1.422B,698.70M,262.34M,221.78M,0,490.92M
IT,2013-09,6.734M,374.52M,161.74M,65.00M,754.12M,0.41,0.4,526.09M,0,248.97M,2013-09,38.19M,-2.124M,-2.124M,90.20M,0,140.00M,58.82M,224.87M,56.62M,18.43M,410.70M,181.55M,321.64M,1.628B,0.078M,935.16M,1.044B,1.307B,693.24M,262.77M,190.16M,0,392.17M
IT,2013-06,2.358M,333.36M,177.90M,61.25M,749.24M,0.5,0.49,524.98M,229.42M,268.14M,2013-06,46.51M,-2.144M,-2.144M,89.42M,25.09M,143.75M,74.09M,204.35M,71.56M,25.05M,446.05M,185.63M,328.69M,1.614B,0.078M,923.36M,1.015B,1.285B,690.43M,270.25M,194.05M,164.14M,432.01M
IT,2013-03,2.763M,269.06M,163.74M,57.50M,736.70M,0.39,0.38,527.00M,229.33M,243.02M,2013-03,36.68M,-2.436M,-2.436M,88.51M,25.62M,147.50M,54.10M,180.90M,51.78M,15.10M,406.75M,180.48M,319.16M,1.567B,0.078M,875.04M,975.09M,1.248B,692.36M,273.15M,188.91M,148.01M,441.40M
IT,2012-12,5.968M,299.85M,200.21M,90.00M,692.24M,0.63,0.61,531.33M,0,274.54M,2012-12,58.82M,-2.302M,-2.302M,89.09M,0,115.00M,79.96M,287.76M,77.91M,19.09M,474.75M,186.22M,306.67M,1.621B,0.078M,927.47M,1.07B,1.315B,693.81M,244.60M,194.58M,0,463.97M
IT,2012-09,8.673M,255.39M,151.14M,80.00M,682.60M,0.34,0.33,532.34M,0,223.26M,2012-09,31.38M,-2.209M,-2.209M,80.34M,0,120.00M,50.71M,206.29M,46.81M,15.44M,374.41M,164.89M,261.46M,1.479B,0.078M,781.98M,968.89M,1.218B,697.17M,248.79M,172.55M,0,370.95M
IT,2012-06,3.623M,150.53M,161.25M,70.09M,659.74M,0.44,0.43,529.05M,0,236.24M,2012-06,41.48M,-2.153M,-2.153M,77.80M,0,130.00M,63.90M,178.53M,60.49M,19.01M,397.48M,165.22M,214.99M,1.380B,0.078M,686.35M,908.36M,1.165B,693.76M,256.77M,172.33M,0,389.41M
IT,2012-03,8.447M,138.98M,146.46M,100.29M,650.67M,0.37,0.36,517.25M,0,222.71M,2012-03,34.22M,-2.195M,-2.195M,69.66M,0,140.00M,53.56M,160.09M,50.38M,16.16M,369.17M,162.52M,171.78M,1.350B,0.078M,676.82M,911.05M,1.178B,673.03M,267.02M,169.15M,0,384.12M
IT,2011-12,5.793M,142.74M,180.28M,50.00M,611.65M,0.48,0.46,515.61M,0,247.41M,2011-12,45.02M,-2.104M,-2.104M,68.13M,0,150.00M,69.46M,259.49M,66.94M,21.92M,427.69M,170.82M,181.78M,1.380B,0.078M,705.78M,921.14M,1.198B,674.09M,276.95M,177.95M,0,421.03M
IT,2011-09,5.81M,156.90M,142.70M,52.50M,598.39M,0.32,0.31,518.02M,0,203.09M,2011-09,30.46M,-2.282M,-2.282M,57.11M,0,157.50M,47.25M,183.60M,44.43M,13.96M,345.78M,148.46M,194.07M,1.304B,0.078M,633.69M,834.49M,1.110B,670.74M,275.87M,155.84M,0,349.29M
IT,2011-06,14.36M,125.34M,152.46M,55.00M,572.05M,0.33,0.32,524.56M,0,213.08M,2011-06,32.22M,-2.797M,-2.797M,52.92M,0,165.00M,51.57M,172.31M,48.20M,15.98M,365.54M,152.76M,215.82M,1.296B,0.078M,625.61M,799.37M,1.080B,670.36M,280.79M,161.51M,0,360.56M
IT,2011-03,16.29M,109.00M,133.32M,82.67M,558.03M,0.3,0.29,525.74M,0,196.25M,2011-03,29.19M,-2.784M,-2.784M,45.44M,0,172.50M,45.78M,143.52M,42.62M,13.42M,329.57M,141.67M,210.03M,1.275B,0.078M,616.24M,784.22M,1.065B,659.13M,281.13M,150.47M,0,345.04M
