Ticker,Date,Accrued Comprehensive Inc,Cash and Short Term Investments,Cost of Goods Sold,Current Debt & Capital Lease Obligation,Current Deferred Liabilities,EPS Basic,EPS Diluted,Goodwill and Intangibles,Gross PP&E,Gross Profit,Income (Quarterly),Inventories,Net Income,Net Non-Operating Interest Income Expense,Net Operating Interest Income,Net PP&E,Non-Current Deferred Liabilities,Non-Current Portion of LTD and Capital Lease Obligation,Operating Income,Payables and Accrued Expenses,Pre-Tax Income,Provision for Income Taxes,Revenue,SG&A Expense,Shareholders Equity,Total Assets,Total Capital Stock,Total Current Assets,Total Current Liabilities,Total Liabilities,Total Long Term Assets,Total Long Term Liabilities,Total Operating Expenses,Total Payables,Total Receivables
ITW,2020-12,-1.642B,2.564B,2.00B,405.00M,222.00M,2.03,2.02,5.471B,5.809B,1.475B,2020-12,1.189B,642.00M,-35.00M,-35.00M,1.993B,588.00M,7.905B,883.00M,1.613B,824.00M,182.00M,3.475B,557.00M,3.181B,15.61B,6.00M,6.523B,2.589B,12.43B,9.089B,9.841B,592.00M,955.00M,2.621B
ITW,2020-09,-1.837B,2.169B,1.91B,353.00M,188.00M,1.84,1.83,5.405B,5.433B,1.397B,2020-09,1.149B,582.00M,-52.00M,-52.00M,1.736B,671.00M,7.592B,789.00M,2.187B,739.00M,157.00M,3.307B,560.00M,2.696B,14.94B,6.00M,6.031B,2.54B,12.24B,8.909B,9.703B,608.00M,924.00M,2.494B
ITW,2020-06,-1.909B,1.812B,1.594B,4.00M,215.00M,1.01,1.01,5.244B,5.233B,970.00M,2020-06,1.167B,319.00M,-51.00M,-51.00M,1.711B,676.00M,7.765B,449.00M,1.998B,406.00M,87.00M,2.564B,486.00M,2.357B,14.26B,6.00M,5.609B,2.042B,11.90B,8.654B,9.863B,521.00M,892.00M,2.156B
ITW,2020-03,-1.983B,1.43B,1.871B,4.00M,0,1.78,1.77,5.237B,0,1.357B,2020-03,1.185B,566.00M,-51.00M,-51.00M,1.704B,695.00M,7.69B,761.00M,1.986B,735.00M,169.00M,3.228B,560.00M,2.283B,14.15B,6.00M,5.506B,2.032B,11.86B,8.643B,9.833B,596.00M,881.00M,2.424B
ITW,2019-12,-1.705B,1.981B,2.022B,55.00M,0,2,1.99,5.343B,0,1.447B,2019-12,1.164B,641.00M,-22.00M,-22.00M,1.935B,668.00M,7.882B,824.00M,1.491B,831.00M,190.00M,3.469B,586.00M,3.026B,15.07B,6.00M,6.253B,2.154B,12.04B,8.815B,9.884B,623.00M,862.00M,2.611B
ITW,2019-09,-1.798B,1.825B,2.007B,1.76B,0,2.05,2.04,5.32B,0,1.472B,2019-09,1.209B,660.00M,-52.00M,-52.00M,1.693B,716.00M,7.643B,868.00M,2.127B,842.00M,182.00M,3.479B,566.00M,2.966B,14.96B,6.00M,6.245B,2.223B,11.99B,8.715B,9.767B,604.00M,898.00M,2.499B
ITW,2019-06,-1.697B,1.677B,2.099B,1.351B,0,1.92,1.91,5.431B,0,1.51B,2019-06,1.256B,623.00M,-55.00M,-55.00M,1.717B,683.00M,7.809B,871.00M,2.095B,825.00M,202.00M,3.609B,598.00M,3.091B,15.19B,6.00M,6.289B,2.188B,12.09B,8.898B,9.904B,639.00M,888.00M,2.629B
ITW,2019-03,-1.642B,1.755B,2.059B,1.35B,0,1.82,1.81,5.665B,0,1.493B,2019-03,1.346B,597.00M,-63.00M,-63.00M,1.765B,727.00M,5.981B,839.00M,2.201B,790.00M,193.00M,3.552B,611.00M,3.196B,15.33B,6.00M,6.075B,3.961B,12.13B,9.251B,8.165B,654.00M,973.00M,2.715B
ITW,2018-12,-1.677B,1.504B,2.096B,0,0,1.84,1.83,5.717B,0,1.484B,2018-12,1.318B,607.00M,-28.00M,-28.00M,1.791B,707.00M,6.029B,860.00M,1.569B,816.00M,209.00M,3.58B,578.00M,3.254B,14.87B,6.00M,5.778B,3.542B,11.61B,9.092B,8.07B,624.00M,920.00M,2.799B
ITW,2018-09,-1.589B,1.589B,2.096B,0,0,1.91,1.9,5.785B,0,1.517B,2018-09,1.338B,638.00M,-64.00M,-64.00M,1.799B,707.00M,6.054B,889.00M,2.313B,835.00M,197.00M,3.613B,581.00M,3.542B,15.32B,6.00M,5.94B,3.663B,11.77B,9.379B,8.11B,628.00M,1.045B,2.777B
ITW,2018-06,-1.53B,1.628B,2.231B,1.35B,205.00M,1.98,1.97,5.852B,5.161B,1.60B,2018-06,1.32B,666.00M,-64.00M,-64.00M,1.783B,704.00M,6.069B,932.00M,2.197B,894.00M,228.00M,3.831B,620.00M,3.785B,15.52B,6.00M,6.119B,3.547B,11.74B,9.404B,8.188B,668.00M,973.00M,2.878B
ITW,2018-03,-1.24B,1.94B,2.181B,660.00M,180.00M,1.92,1.9,6.021B,4.783B,1.563B,2018-03,1.335B,652.00M,-66.00M,-66.00M,1.829B,689.00M,6.889B,903.00M,2.265B,849.00M,197.00M,3.744B,612.00M,4.159B,16.16B,6.00M,6.423B,2.925B,12.00B,9.74B,9.075B,660.00M,1.015B,2.874B
ITW,2017-12,-1.287B,3.094B,2.124B,850.00M,0,-0.22,-0.22,6.024B,0,1.505B,2017-12,1.22B,-76.00M,-21.00M,-21.00M,1.778B,164.00M,7.478B,846.00M,1.571B,796.00M,872.00M,3.629B,609.00M,4.585B,16.78B,6.00M,7.278B,3.053B,12.19B,9.502B,9.138B,659.00M,945.00M,2.819B
ITW,2017-09,-1.407B,2.785B,2.092B,698.00M,0,1.86,1.85,6.051B,0,1.523B,2017-09,1.225B,640.00M,-65.00M,-65.00M,1.759B,112.00M,7.439B,880.00M,2.169B,906.00M,266.00M,3.615B,592.00M,5.023B,16.31B,6.00M,6.912B,2.867B,11.29B,9.402B,8.421B,643.00M,938.00M,2.672B
ITW,2017-06,-1.516B,2.496B,2.087B,691.00M,0,1.7,1.69,6.041B,0,1.512B,2017-06,1.199B,587.00M,-65.00M,-65.00M,1.726B,121.00M,7.36B,857.00M,2.135B,819.00M,232.00M,3.599B,603.00M,4.771B,15.92B,6.00M,6.57B,2.826B,11.15B,9.352B,8.322B,655.00M,963.00M,2.629B
ITW,2017-03,-1.643B,2.493B,2.003B,671.00M,0,1.55,1.54,6.016B,0,1.468B,2017-03,1.158B,536.00M,-64.00M,-64.00M,1.674B,121.00M,7.205B,807.00M,2.204B,749.00M,213.00M,3.471B,608.00M,4.493B,15.53B,6.00M,6.43B,2.875B,11.03B,9.099B,8.156B,661.00M,1.055B,2.534B
ITW,2016-12,-1.807B,2.472B,2.018B,652.00M,0,1.46,1.45,6.021B,0,1.381B,2016-12,1.076B,507.00M,-25.00M,-25.00M,1.652B,134.00M,7.177B,734.00M,1.533B,726.00M,219.00M,3.399B,593.00M,4.254B,15.20B,6.00M,6.123B,2.76B,10.94B,9.078B,8.182B,647.00M,906.00M,2.433B
ITW,2016-09,-1.468B,2.299B,2.027B,1.364B,0,1.51,1.5,6.191B,0,1.468B,2016-09,1.167B,535.00M,-58.00M,-58.00M,1.702B,131.00M,6.329B,808.00M,2.122B,763.00M,228.00M,3.495B,604.00M,4.788B,15.71B,6.00M,6.185B,3.486B,10.92B,9.524B,7.43B,660.00M,942.00M,2.496B
ITW,2016-06,-1.47B,2.355B,1.967B,864.00M,0,1.47,1.46,5.907B,0,1.464B,2016-06,1.145B,525.00M,-58.00M,-58.00M,1.58B,149.00M,6.30B,792.00M,1.96B,751.00M,226.00M,3.431B,617.00M,4.946B,15.22B,6.00M,6.167B,2.824B,10.27B,9.055B,7.448B,672.00M,844.00M,2.413B
ITW,2016-03,-1.332B,2.448B,1.896B,650.00M,0,1.29,1.29,6.005B,0,1.378B,2016-03,1.134B,468.00M,-58.00M,-58.00M,1.598B,151.00M,6.353B,722.00M,2.066B,668.00M,200.00M,3.274B,597.00M,5.218B,15.44B,6.00M,6.241B,2.716B,10.22B,9.196B,7.499B,656.00M,980.00M,2.394B
ITW,2015-12,-1.504B,3.09B,1.941B,526.00M,169.00M,1.24,1.23,5.999B,4.655B,1.334B,2015-12,1.086B,450.00M,-6.00M,-6.00M,1.577B,256.00M,6.896B,679.00M,1.295B,634.00M,184.00M,3.275B,598.00M,5.224B,15.73B,6.00M,6.72B,2.368B,10.50B,9.009B,8.133B,655.00M,706.00M,2.398B
ITW,2015-09,-1.37B,3.001B,1.953B,812.00M,6.00M,1.4,1.39,6.088B,4.799B,1.401B,2015-09,1.153B,511.00M,-59.00M,-59.00M,1.601B,342.00M,7.00B,761.00M,1.906B,725.00M,214.00M,3.354B,581.00M,5.086B,16.10B,6.00M,6.969B,2.724B,11.01B,9.135B,8.29B,640.00M,769.00M,2.339B
ITW,2015-06,-1.046B,2.858B,2.024B,819.00M,8.00M,1.31,1.3,6.222B,4.872B,1.41B,2015-06,1.191B,480.00M,-55.00M,-55.00M,1.636B,363.00M,6.994B,730.00M,1.919B,696.00M,216.00M,3.434B,622.00M,5.302B,16.35B,6.00M,7.033B,2.746B,11.04B,9.315B,8.296B,680.00M,772.00M,2.412B
ITW,2015-03,-1.226B,2.672B,1.97B,1.708B,8.00M,1.22,1.21,6.231B,0,1.372B,2015-03,1.187B,458.00M,-54.00M,-54.00M,1.624B,380.00M,5.845B,697.00M,2.028B,664.00M,206.00M,3.342B,616.00M,4.978B,15.94B,6.00M,6.667B,3.744B,10.96B,9.27B,7.211B,675.00M,945.00M,2.367B
ITW,2014-12,-658.00M,3.99B,2.114B,1.476B,194.00M,1.17,1.16,6.466B,0,1.39B,2014-12,1.18B,450.00M,11.00M,11.00M,1.686B,171.00M,5.943B,683.00M,1.40B,657.00M,196.00M,3.504B,644.00M,6.819B,17.46B,6.00M,7.864B,3.525B,10.64B,9.601B,7.116B,707.00M,762.00M,2.472B
ITW,2014-09,-148.00M,4.82B,2.182B,1.496B,10.00M,1.35,1.34,6.596B,0,1.51B,2014-09,1.265B,531.00M,-68.00M,-68.00M,1.693B,418.00M,6.034B,775.00M,2.368B,724.00M,217.00M,3.692B,675.00M,7.796B,19.03B,6.00M,9.152B,3.874B,11.23B,9.876B,7.353B,735.00M,1.061B,2.519B
ITW,2014-06,359.00M,5.297B,2.219B,1.07B,10.00M,3.69,3.66,6.78B,0,1.50B,2014-06,1.305B,1.492B,-64.00M,-64.00M,1.70B,515.00M,6.14B,763.00M,2.843B,706.00M,212.00M,3.719B,677.00M,8.435B,19.94B,6.00M,9.791B,3.923B,11.50B,10.14B,7.573B,737.00M,1.565B,2.598B
ITW,2014-03,420.00M,3.547B,2.158B,2.833B,15.00M,1.12,1.11,6.829B,0,1.411B,2014-03,1.298B,473.00M,-64.00M,-64.00M,1.699B,522.00M,4.789B,667.00M,2.151B,612.00M,184.00M,3.569B,682.00M,8.574B,20.17B,6.00M,10.03B,5.36B,11.59B,10.14B,6.23B,744.00M,947.00M,2.563B
ITW,2013-12,384.00M,3.618B,2.173B,3.551B,217.00M,0.93,0.93,6.885B,0,1.381B,2013-12,1.247B,408.00M,-10.00M,-10.00M,1.709B,507.00M,2.793B,628.00M,1.466B,573.00M,166.00M,3.554B,689.00M,9.703B,19.97B,6.00M,9.816B,6.034B,10.26B,10.15B,4.223B,753.00M,884.00M,2.553B
ITW,2013-09,292.00M,3.018B,2.148B,1.328B,59.00M,1.01,1.01,6.975B,0,1.42B,2013-09,1.308B,452.00M,-60.00M,-60.00M,1.667B,453.00M,3.808B,680.00M,2.16B,628.00M,222.00M,3.568B,676.00M,10.46B,19.75B,6.00M,9.582B,3.941B,9.283B,10.17B,5.342B,740.00M,878.00M,2.493B
ITW,2013-06,12.00M,2.768B,2.155B,1.301B,32.00M,1.04,1.03,7.491B,5.831B,1.438B,2013-06,1.49B,465.00M,-59.00M,-59.00M,1.936B,383.00M,3.771B,630.00M,2.314B,581.00M,165.00M,3.593B,747.00M,10.22B,19.20B,6.00M,8.213B,3.711B,8.968B,10.99B,5.257B,808.00M,978.00M,2.907B
ITW,2013-03,155.00M,2.662B,2.078B,456.00M,8.00M,0.78,0.78,7.574B,6.087B,1.342B,2013-03,1.514B,354.00M,-60.00M,-60.00M,1.96B,309.00M,4.556B,578.00M,2.254B,565.00M,164.00M,3.42B,703.00M,10.27B,19.21B,6.00M,8.11B,2.802B,8.927B,11.10B,6.125B,764.00M,1.019B,2.789B
ITW,2012-12,293.00M,2.779B,2.177B,459.00M,251.00M,2.13,2.11,7.788B,6.097B,1.307B,2012-12,1.585B,979.00M,-23.00M,-23.00M,1.994B,244.00M,4.589B,524.00M,1.393B,1.376B,455.00M,3.484B,721.00M,10.56B,19.31B,5.00M,7.96B,2.651B,8.739B,11.35B,6.088B,783.00M,792.00M,3.044B
ITW,2012-09,277.00M,2.054B,2.289B,424.00M,6.00M,1.13,1.12,7.808B,6.282B,1.444B,2012-09,1.76B,524.00M,-52.00M,-52.00M,2.081B,120.00M,4.572B,669.00M,2.498B,616.00M,171.00M,3.733B,713.00M,10.25B,19.02B,5.00M,7.65B,2.928B,8.761B,11.37B,5.833B,775.00M,994.00M,3.062B
ITW,2012-06,135.00M,1.692B,2.814B,1.438B,5.00M,1.86,1.85,7.824B,6.248B,1.649B,2012-06,1.796B,881.00M,-50.00M,-50.00M,2.067B,118.00M,3.468B,758.00M,2.487B,732.00M,213.00M,4.463B,819.00M,10.08B,18.92B,5.00M,7.551B,3.936B,8.82B,11.37B,4.884B,891.00M,1.008B,3.164B
ITW,2012-03,410.00M,1.304B,2.763B,1.244B,5.00M,1.01,1,7.889B,0,1.595B,2012-03,1.824B,486.00M,-50.00M,-50.00M,2.10B,120.00M,3.521B,694.00M,2.43B,652.00M,188.00M,4.358B,832.00M,10.12B,18.94B,5.00M,7.389B,3.777B,8.809B,11.56B,5.032B,901.00M,1.042B,3.134B
ITW,2011-12,224.00M,1.178B,369.00M,502.00M,250.00M,0.91,0.91,7.431B,0,679.00M,2011-12,1.716B,442.00M,-15.00M,-15.00M,2.025B,117.00M,3.488B,277.00M,1.539B,231.00M,36.00M,1.048B,369.00M,10.02B,17.98B,5.00M,6.849B,2.977B,7.95B,11.14B,4.973B,402.00M,928.00M,2.996B
ITW,2011-09,341.21M,1.319B,2.962B,1.041B,4.686M,1.04,1.04,7.432B,0,1.618B,2011-09,1.794B,507.00M,-49.00M,-49.00M,2.038B,122.57M,3.522B,714.00M,2.493B,690.00M,200.00M,4.58B,836.00M,9.837B,18.36B,5.421M,7.334B,3.636B,8.511B,11.03B,4.875B,904.00M,1.010B,2.985B
ITW,2011-06,870.88M,1.231B,2.996B,1.450B,3.097M,1,0.99,7.207B,0,1.619B,2011-06,1.920B,499.00M,-45.00M,-45.00M,2.132B,114.12M,2.623B,711.00M,2.507B,681.00M,197.00M,4.615B,845.00M,10.41B,18.53B,5.418M,7.557B,4.062B,8.104B,10.97B,4.042B,908.00M,1.076B,3.146B
ITW,2011-03,667.53M,1.084B,2.762B,750.77M,4.135M,1.25,1.24,7.235B,0,1.51B,2011-03,1.824B,623.00M,-44.00M,-44.00M,2.122B,111.77M,2.597B,659.00M,2.495B,621.00M,15.00M,4.272B,796.00M,10.37B,17.64B,5.408M,6.596B,3.250B,7.262B,11.04B,4.012B,851.00M,1.103B,2.981B
