Ticker,Date,Accrued Comprehensive Inc,Cash and Short Term Investments,Cost of Goods Sold,Current Debt & Capital Lease Obligation,Current Deferred Liabilities,EPS Basic,EPS Diluted,Goodwill and Intangibles,Gross PP&E,Gross Profit,Income (Quarterly),Net Income,Net Non-Operating Interest Income Expense,Net Operating Interest Income,Net PP&E,Non-Current Deferred Liabilities,Non-Current Portion of LTD and Capital Lease Obligation,Operating Income,Payables and Accrued Expenses,Pre-Tax Income,Provision for Income Taxes,Revenue,SG&A Expense,Shareholders Equity,Total Assets,Total Capital Stock,Total Current Assets,Total Current Liabilities,Total Liabilities,Total Long Term Assets,Total Long Term Liabilities,Total Operating Expenses,Total Payables,Total Receivables
J,2020-12,-877.54M,1.377B,2.750B,164.64M,530.76M,1.98,1.96,6.524B,901.03M,632.06M,2020-12,257.05M,-16.19M,-16.19M,901.03M,624.74M,2.532B,213.94M,2.193B,354.11M,87.02M,3.382B,418.12M,6.099B,12.77B,130.04M,4.787B,2.889B,6.624B,7.981B,3.736B,418.12M,999.48M,3.265B
J,2020-09,-933.06M,1.210B,2.855B,164.31M,465.65M,0.63,0.63,6.297B,1.364B,664.94M,2020-09,81.99M,-12.49M,-12.49M,896.29M,576.77M,2.412B,22.47M,2.312B,60.16M,-19.72M,3.520B,642.46M,5.816B,12.35B,129.75M,4.540B,2.942B,6.499B,7.815B,3.557B,642.46M,1.192B,3.167B
J,2020-06,-911.69M,1.025B,2.631B,199.94M,450.33M,1.88,1.87,6.293B,346.64M,629.03M,2020-06,244.93M,-16.94M,-16.94M,346.64M,1.843B,2.155B,194.38M,2.278B,303.68M,67.67M,3.260B,434.65M,5.836B,12.61B,130.18M,4.612B,2.728B,6.727B,7.999B,3.998B,434.65M,1.049B,3.154B
J,2020-03,-946.32M,1.656B,2.779B,199.90M,416.01M,-0.69,-0.69,6.286B,330.50M,648.14M,2020-03,-92.09M,-14.17M,-14.17M,330.50M,1.797B,3.099B,167.78M,2.209B,-176.80M,-61.12M,3.427B,480.36M,5.562B,13.13B,129.98M,5.167B,2.625B,7.522B,7.968B,4.897B,480.36M,1.030B,3.179B
J,2019-12,-880.17M,619.21M,2.715B,222.69M,435.21M,1.93,1.91,6.083B,308.67M,644.57M,2019-12,257.01M,-13.87M,-13.87M,308.67M,1.892B,1.415B,151.34M,2.196B,254.17M,68.49M,3.360B,493.23M,6.004B,12.20B,133.00M,4.379B,2.832B,6.138B,7.822B,3.307B,493.23M,1.033B,3.056B
J,2019-09,-916.81M,1.082B,2.727B,0.024M,662.33M,1.06,1.04,6.098B,804.93M,665.53M,2019-09,142.32M,-7.805M,-7.805M,308.14M,843.20M,1.201B,99.09M,2.209B,53.54M,24.12M,3.393B,566.45M,5.715B,11.46B,132.88M,4.112B,3.074B,5.694B,7.351B,2.620B,566.45M,1.130B,2.840B
J,2019-06,-763.59M,998.24M,2.543B,3.136M,506.39M,3.83,3.8,6.065B,305.27M,626.13M,2019-06,524.44M,-15.58M,-15.58M,305.27M,1.218B,1.025B,89.95M,2.558B,93.40M,-1.981M,3.170B,536.18M,6.060B,11.64B,135.85M,4.476B,3.289B,5.533B,7.165B,2.244B,536.18M,884.99M,2.779B
J,2019-03,-860.26M,674.55M,2.475B,3.172M,450.86M,0.41,0.41,5.308B,268.80M,616.84M,2019-03,56.92M,-27.75M,-27.75M,268.80M,1.238B,2.842B,102.68M,2.006B,111.83M,-7.947M,3.092B,514.16M,5.466B,12.95B,136.43M,4.846B,3.188B,7.390B,8.099B,4.202B,514.16M,828.52M,2.747B
J,2018-12,-856.55M,886.71M,2.515B,0,409.76M,0.87,0.86,5.323B,256.49M,568.52M,2018-12,124.30M,-23.22M,-23.22M,256.49M,1.202B,2.669B,113.13M,1.890B,92.19M,22.76M,3.084B,455.39M,5.753B,12.95B,140.40M,4.899B,3.095B,7.104B,8.046B,4.010B,455.39M,895.43M,2.682B
J,2018-09,-806.70M,634.87M,2.386B,0,501.01M,-0.16,-0.16,5.369B,712.96M,606.23M,2018-09,-37.54M,-24.56M,-24.56M,257.86M,1.261B,2.144B,160.85M,1.885B,142.40M,215.40M,2.992B,445.38M,5.854B,12.65B,142.22M,4.557B,3.146B,6.701B,8.089B,3.556B,445.38M,857.03M,2.514B
J,2018-06,-728.18M,824.37M,2.325B,8.964M,559.90M,1.05,1.05,6.636B,1.154B,608.60M,2018-06,150.22M,-22.51M,-22.51M,471.10M,1.066B,2.336B,162.51M,2.527B,146.63M,31.17M,2.934B,446.08M,5.965B,12.55B,141.86M,4.476B,3.096B,6.499B,8.076B,3.403B,446.08M,1.072B,3.464B
J,2018-03,-617.06M,835.42M,2.269B,5.559M,582.36M,0.34,0.34,6.663B,1.189B,601.63M,2018-03,48.59M,-17.44M,-17.44M,504.41M,1.081B,2.512B,68.76M,2.395B,48.65M,51.86M,2.870B,532.87M,5.937B,12.60B,141.72M,4.457B,2.983B,6.576B,8.145B,3.593B,532.87M,964.28M,3.421B
J,2017-12,-628.98M,1.060B,1.442B,5.45M,637.54M,0.02,0.02,6.642B,1.232B,342.09M,2017-12,2.163M,-3.258M,-3.258M,574.03M,1.079B,2.588B,-4.67M,2.420B,-6.703M,27.20M,1.784B,346.76M,5.869B,12.69B,141.56M,4.547B,3.063B,6.730B,8.145B,3.667B,346.76M,947.20M,3.294B
J,2017-09,-653.51M,774.15M,-1.001B,3.071M,360.46M,0.78,0.78,3.343B,979.71M,-37.93M,2017-09,94.14M,2.343M,2.343M,349.91M,732.28M,235.00M,-41.13M,1.563B,-30.61M,-6.717M,-1.039B,3.208M,4.428B,7.381B,120.39M,2.996B,1.926B,2.894B,4.385B,967.28M,3.208M,734.34M,2.103B
J,2017-06,-783.39M,758.30M,2.055B,3.02M,396.82M,0.74,0.74,3.211B,939.48M,459.36M,2017-06,89.03M,-1.931M,-1.931M,329.13M,838.03M,282.00M,128.48M,1.440B,127.40M,38.77M,2.515B,330.89M,4.226B,7.245B,120.27M,2.940B,1.840B,2.960B,4.305B,1.120B,330.89M,553.74M,2.086B
J,2017-03,-835.01M,674.60M,1.883B,2.941M,389.28M,0.41,0.41,3.182B,908.70M,419.28M,2017-03,50.02M,-1.667M,-1.667M,316.08M,843.61M,334.92M,68.17M,1.341B,60.49M,16.33M,2.303B,351.11M,4.115B,7.086B,120.45M,2.821B,1.733B,2.912B,4.265B,1.179B,351.11M,468.14M,2.058B
J,2016-12,-878.91M,736.55M,2.132B,2.899M,409.91M,0.5,0.5,3.140B,895.07M,419.31M,2016-12,60.54M,-2.032M,-2.032M,314.41M,837.67M,387.00M,88.63M,1.337B,85.88M,24.73M,2.552B,330.68M,4.070B,7.110B,121.17M,2.923B,1.750B,2.974B,4.187B,1.225B,330.68M,502.83M,2.093B
J,2016-09,-610.59M,655.72M,2.209B,2.421M,388.52M,0.25,0.24,3.417B,897.61M,431.69M,2016-09,29.64M,-2.205M,-2.205M,319.67M,861.82M,385.33M,82.81M,1.392B,35.67M,5.79M,2.641B,348.88M,4.265B,7.360B,120.95M,2.864B,1.783B,3.030B,4.496B,1.247B,348.88M,559.46M,2.116B
J,2016-06,-453.26M,616.39M,2.242B,8.941M,297.52M,0.58,0.57,3.413B,928.76M,451.45M,2016-06,69.06M,-3.948M,-3.948M,325.13M,646.07M,479.00M,109.56M,1.500B,102.81M,31.87M,2.694B,341.89M,4.425B,7.421B,121.70M,2.929B,1.806B,2.932B,4.492B,1.125B,341.89M,479.22M,2.234B
J,2016-03,-450.20M,559.72M,2.338B,2.727M,373.65M,0.54,0.54,3.397B,947.34M,444.22M,2016-03,65.25M,0.064M,0.064M,343.55M,829.42M,530.00M,86.78M,1.542B,90.46M,27.07M,2.782B,357.44M,4.376B,7.717B,122.15M,3.073B,1.918B,3.278B,4.644B,1.359B,357.44M,487.81M,2.415B
J,2015-12,-470.48M,443.72M,2.407B,2.833M,327.03M,0.38,0.38,3.405B,970.35M,440.47M,2015-12,46.51M,-1.323M,-1.323M,361.01M,838.72M,621.90M,59.45M,1.455B,57.79M,7.481M,2.848B,381.02M,4.306B,7.616B,122.78M,3.112B,1.785B,3.246B,4.504B,1.461B,381.02M,421.21M,2.424B
J,2015-09,-464.76M,460.86M,2.644B,13.36M,402.99M,0.25,0.24,3.402B,990.62M,473.35M,2015-09,29.86M,-2.42M,-2.42M,381.24M,863.87M,584.43M,53.83M,1.565B,49.29M,12.02M,3.117B,419.52M,4.292B,7.786B,123.15M,3.123B,1.981B,3.429B,4.663B,1.448B,419.52M,620.34M,2.549B
J,2015-06,-420.97M,553.56M,2.423B,38.36M,376.08M,0.74,0.73,3.417B,1.057B,484.60M,2015-06,91.06M,-3.812M,-3.812M,421.31M,820.50M,646.39M,100.43M,1.678B,97.19M,-0.12M,2.908B,384.16M,4.353B,7.959B,124.14M,3.474B,2.093B,3.560B,4.485B,1.467B,384.16M,510.75M,2.679B
J,2015-03,-428.90M,464.95M,2.412B,42.71M,343.00M,0.65,0.64,3.443B,1.064B,490.94M,2015-03,81.97M,-2.968M,-2.968M,433.84M,805.18M,712.71M,133.04M,1.619B,128.96M,40.85M,2.903B,357.90M,4.369B,7.931B,126.47M,3.416B,2.005B,3.522B,4.515B,1.518B,357.90M,470.82M,2.700B
J,2014-12,-401.50M,670.08M,2.668B,44.33M,417.41M,0.78,0.77,3.461B,1.085B,519.45M,2014-12,100.08M,-3.042M,-3.042M,447.14M,824.70M,706.61M,158.22M,1.777B,154.70M,48.50M,3.187B,361.22M,4.438B,8.243B,129.48M,3.686B,2.239B,3.770B,4.557B,1.531B,361.22M,549.93M,2.734B
J,2014-09,-363.55M,732.65M,2.677B,36.73M,506.81M,0.66,0.65,3.467B,1.092B,541.80M,2014-09,86.07M,1.321M,1.321M,456.80M,834.08M,764.08M,136.65M,1.806B,144.80M,53.75M,3.218B,405.15M,4.469B,8.454B,131.75M,3.892B,2.350B,3.948B,4.562B,1.598B,405.15M,675.25M,2.868B
J,2014-06,-303.99M,772.61M,2.670B,41.35M,366.98M,0.5,0.49,3.417B,1.133B,561.74M,2014-06,64.84M,-2.941M,-2.941M,455.63M,840.57M,789.42M,123.94M,1.762B,118.05M,46.74M,3.232B,437.80M,4.501B,8.333B,133.01M,3.753B,2.170B,3.800B,4.579B,1.630B,437.80M,441.96M,2.736B
J,2014-03,-319.51M,691.26M,2.659B,64.18M,378.50M,0.64,0.63,3.397B,1.133B,516.55M,2014-03,83.46M,-2.112M,-2.112M,471.90M,857.26M,932.15M,122.43M,1.540B,132.39M,41.59M,3.176B,394.12M,4.419B,8.236B,132.18M,3.649B,1.983B,3.772B,4.587B,1.789B,394.12M,325.73M,2.718B
J,2013-12,-314.77M,1.011B,2.615B,53.08M,449.93M,0.72,0.71,3.348B,1.110B,453.69M,2013-12,93.73M,1.987M,1.987M,468.34M,876.47M,1.041B,145.05M,1.659B,146.92M,47.97M,3.069B,308.64M,4.323B,8.441B,131.86M,3.944B,2.162B,4.080B,4.497B,1.918B,308.64M,470.34M,2.690B
J,2013-09,-304.13M,1.256B,2.668B,22.78M,402.68M,0.85,0.84,2.241B,919.17M,474.69M,2013-09,110.81M,-1.517M,-1.517M,379.30M,723.10M,415.09M,175.15M,1.462B,174.91M,58.42M,3.143B,299.54M,4.213B,7.274B,131.64M,4.040B,1.888B,3.026B,3.235B,1.138B,299.54M,537.90M,2.549B
J,2013-06,-300.70M,1.296B,2.614B,12.28M,289.21M,0.84,0.83,2.015B,883.73M,467.00M,2013-06,108.87M,-1.454M,-1.454M,361.27M,761.88M,432.70M,168.36M,1.432B,168.42M,56.33M,3.081B,298.64M,4.092B,7.050B,131.41M,3.800B,1.733B,2.928B,3.249B,1.195B,298.64M,349.27M,2.318B
J,2013-03,-287.69M,1.166B,2.370B,3.60M,257.78M,0.81,0.8,2.005B,883.09M,464.90M,2013-03,104.40M,-1.936M,-1.936M,358.85M,772.25M,447.21M,165.20M,1.393B,161.91M,54.82M,2.835B,299.70M,3.956B,6.872B,130.72M,3.642B,1.654B,2.882B,3.230B,1.228B,299.70M,354.54M,2.274B
J,2012-12,-291.60M,1.242B,2.324B,5.124M,296.16M,0.77,0.76,2.012B,873.88M,435.72M,2012-12,99.01M,-2.604M,-2.604M,340.96M,795.83M,513.11M,160.27M,1.450B,156.31M,51.79M,2.760B,275.45M,3.829B,6.937B,130.24M,3.695B,1.751B,3.068B,3.241B,1.318B,275.45M,411.36M,2.224B
J,2012-09,-281.89M,1.032B,2.340B,0,304.62M,0.84,0.83,2.254B,856.06M,446.66M,2012-09,107.41M,-1.772M,-1.772M,331.13M,796.34M,528.26M,167.62M,1.442B,170.10M,59.01M,2.786B,279.04M,3.722B,6.839B,129.94M,3.612B,1.747B,3.081B,3.227B,1.333B,279.04M,463.76M,2.349B
J,2012-06,-220.42M,898.59M,2.340B,1.80M,296.76M,0.77,0.76,1.993B,822.48M,433.08M,2012-06,97.90M,-0.665M,-0.665M,311.31M,701.87M,510.64M,153.37M,1.334B,151.37M,50.38M,2.773B,279.72M,3.657B,6.483B,129.66M,3.305B,1.571B,2.784B,3.177B,1.213B,279.72M,378.94M,2.208B
J,2012-03,-217.50M,921.51M,2.277B,255.78M,0,0.66,0.65,1.878B,807.62M,426.20M,2012-03,83.93M,-0.933M,-0.933M,297.40M,655.00M,285.38M,133.14M,1.318B,132.32M,44.87M,2.703B,293.07M,3.545B,6.332B,128.91M,3.265B,1.829B,2.769B,3.067B,940.38M,293.07M,352.82M,2.147B
J,2011-12,-223.76M,959.24M,2.211B,535.72M,0,0.71,0.7,1.781B,784.98M,421.04M,2011-12,89.71M,-2.267M,-2.267M,291.43M,650.19M,2.042M,141.95M,1.191B,139.55M,48.12M,2.632B,279.09M,3.439B,6.126B,128.38M,3.159B,2.023B,2.674B,2.968B,650.19M,279.09M,369.40M,2.027B
J,2011-09,-237.54M,905.63M,2.297B,566.03M,0,0.75,0.74,2.132B,761.28M,426.56M,2011-09,94.28M,-1.157M,-1.157M,284.63M,705.27M,2.455M,147.90M,1.306B,145.16M,49.91M,2.723B,278.66M,3.313B,6.199B,127.78M,3.180B,2.169B,2.876B,3.019B,707.32M,278.66M,426.86M,2.077B
J,2011-06,-296.28M,773.82M,2.331B,548.74M,0,0.72,0.71,1.744B,775.16M,412.71M,2011-06,90.68M,-1.251M,-1.251M,292.87M,753.87M,379.70M,139.38M,1.300B,141.30M,49.36M,2.744B,273.33M,3.142B,6.039B,127.47M,3.125B,2.130B,2.886B,2.915B,756.32M,273.33M,365.82M,2.178B
J,2011-03,-284.57M,747.91M,2.169B,54.54M,0,0.64,0.63,1.732B,756.07M,389.18M,2011-03,80.25M,-1.571M,-1.571M,234.55M,722.14M,0,128.02M,1.141B,126.48M,45.14M,2.558B,261.17M,3.041B,5.638B,126.75M,2.934B,1.486B,2.588B,2.704B,1.102B,261.17M,325.70M,1.984B
