Ticker,Date,Accrued Comprehensive Inc,Cash and Short Term Investments,Cost of Goods Sold,Current Debt & Capital Lease Obligation,Current Deferred Liabilities,EPS Basic,EPS Diluted,Goodwill and Intangibles,Gross PP&E,Gross Profit,Income (Quarterly),Inventories,Net Income,Net Non-Operating Interest Income Expense,Net Operating Interest Income,Net PP&E,Non-Current Deferred Liabilities,Non-Current Portion of LTD and Capital Lease Obligation,Operating Income,Payables and Accrued Expenses,Pre-Tax Income,Provision for Income Taxes,Revenue,SG&A Expense,Shareholders Equity,Total Assets,Total Capital Stock,Total Current Assets,Total Current Liabilities,Total Liabilities,Total Long Term Assets,Total Long Term Liabilities,Total Operating Expenses,Total Payables,Total Receivables
JBHT,2021-03,0,552.97M,2.223B,250.71M,0,1.387,1.37,212.17M,5.953B,395.23M,2021-03,23.80M,146.61M,-12.02M,-12.02M,3.651B,723.02M,1.301B,207.65M,1.166B,195.63M,49.02M,2.618B,92.07M,2.722B,6.163B,1.671M,2.132B,1.166B,3.441B,4.031B,2.274B,187.58M,641.89M,1.219B
JBHT,2020-12,0,313.30M,2.340B,0,0,1.458,1.44,192.65M,5.909B,398.00M,2020-12,21.11M,154.01M,-10.34M,-10.34M,3.689B,692.02M,1.305B,207.69M,1.085B,197.35M,43.34M,2.738B,93.04M,2.600B,5.928B,1.671M,1.842B,1.085B,3.328B,4.086B,2.243B,190.31M,587.51M,1.310B
JBHT,2020-09,0,318.55M,2.111B,0,0,1.19,1.18,196.04M,5.842B,361.29M,2020-09,21.98M,125.50M,-11.90M,-11.90M,3.682B,711.30M,1.303B,175.50M,1.095B,163.61M,38.11M,2.473B,85.98M,2.487B,5.779B,1.671M,1.729B,1.095B,3.292B,4.050B,2.196B,185.78M,603.52M,1.122B
JBHT,2020-06,0,274.65M,1.794B,0,0,1.15,1.14,199.44M,5.731B,351.38M,2020-06,0,121.70M,-12.82M,-12.82M,3.626B,699.70M,1.307B,175.18M,970.68M,162.36M,40.67M,2.146B,83.50M,2.391B,5.554B,1.671M,1.545B,970.68M,3.163B,4.009B,2.192B,176.20M,513.52M,950.64M
JBHT,2020-03,0,48.45M,1.942B,0,0,0.99,0.98,202.83M,5.683B,339.21M,2020-03,0,104.83M,-12.04M,-12.04M,3.618B,714.55M,1.303B,154.74M,909.38M,142.70M,37.87M,2.281B,85.56M,2.282B,5.380B,1.671M,1.398B,909.38M,3.098B,3.982B,2.188B,184.47M,497.65M,978.28M
JBHT,2019-12,0,35.00M,2.054B,0,0,1.362,1.35,189.90M,5.641B,396.00M,2019-12,0,144.68M,-12.78M,-12.78M,3.621B,699.08M,1.296B,205.08M,1.036B,192.30M,47.62M,2.450B,92.95M,2.267B,5.471B,0,1.481B,1.036B,3.204B,3.990B,2.168B,190.93M,602.60M,1.242B
JBHT,2019-09,0,75.13M,1.993B,0,0,1.11,1.1,193.40M,5.615B,370.84M,2019-09,0,118.41M,-12.36M,-12.36M,3.650B,644.10M,1.293B,167.86M,1.075B,155.50M,37.10M,2.364B,101.67M,2.194B,5.386B,0,1.383B,1.075B,3.193B,4.003B,2.118B,202.98M,654.96M,1.051B
JBHT,2019-06,0,6.875M,1.864B,0,0,1.24,1.23,196.94M,5.636B,398.05M,2019-06,0,133.63M,-14.76M,-14.76M,3.678B,676.06M,1.372B,193.09M,1.062B,178.33M,44.70M,2.262B,107.13M,2.135B,5.421B,0,1.384B,1.062B,3.285B,4.036B,2.224B,204.96M,640.32M,1.040B
JBHT,2019-03,0,52.36M,1.748B,0,0,1.1,1.09,105.19M,5.454B,341.36M,2019-03,0,119.60M,-13.03M,-13.03M,3.540B,668.49M,1.285B,167.80M,998.24M,154.76M,35.16M,2.090B,82.23M,2.204B,5.327B,0,1.438B,998.24M,3.124B,3.889B,2.125B,173.56M,594.70M,1.002B
JBHT,2018-12,0,7.60M,2.018B,0,0,0.82,0.8,0,5.329B,299.78M,2018-12,0,88.68M,-11.23M,-11.23M,3.445B,643.46M,898.40M,122.74M,1.102B,111.50M,22.82M,2.318B,85.80M,2.101B,5.092B,0,1.503B,1.352B,2.990B,3.589B,1.638B,177.04M,709.74M,1.326B
JBHT,2018-09,0,7.587M,1.848B,248.68M,0,1.2,1.19,113.46M,5.064B,362.25M,2018-09,20.69M,131.11M,-9.961M,-9.961M,3.242B,518.43M,820.86M,174.69M,963.98M,164.73M,33.62M,2.210B,95.13M,2.081B,4.722B,1.671M,1.342B,1.213B,2.641B,3.379B,1.428B,187.56M,569.45M,1.096B
JBHT,2018-06,0,15.19M,1.761B,249.44M,0,1.39,1.37,114.44M,4.925B,377.57M,2018-06,18.58M,151.65M,-9.855M,-9.855M,3.142B,552.87M,755.58M,214.81M,909.10M,204.96M,53.30M,2.139B,74.08M,2.033B,4.589B,1.671M,1.307B,1.159B,2.556B,3.282B,1.397B,162.76M,551.72M,1.020B
JBHT,2018-03,0,7.082M,1.629B,247.61M,0,1.08,1.07,2.40M,4.765B,319.62M,2018-03,0,118.14M,-9.152M,-9.152M,3.044B,545.28M,752.42M,168.78M,844.91M,159.63M,41.49M,1.948B,68.57M,1.943B,4.422B,0,1.236B,1.093B,2.479B,3.186B,1.386B,150.84M,503.83M,900.90M
JBHT,2017-12,0,14.61M,1.659B,0,0,3.511,3.48,0,4.670B,331.04M,2017-12,0,385.31M,-6.029M,-6.029M,2.983B,541.87M,1.086B,145.81M,921.84M,139.78M,-245.52M,1.990B,105.58M,1.839B,4.465B,0,1.339B,921.84M,2.626B,3.127B,1.704B,185.23M,598.59M,1.204B
JBHT,2017-09,0,7.707M,1.538B,0,0,0.92,0.91,0,4.508B,304.88M,2017-09,0,100.38M,-8.31M,-8.31M,2.876B,746.83M,1.085B,164.97M,681.76M,156.66M,56.28M,1.843B,61.59M,1.472B,4.054B,0,1.007B,681.76M,2.582B,3.047B,1.900B,139.91M,493.58M,858.72M
JBHT,2017-06,0,7.274M,1.433B,0,0,0.89,0.88,0,4.385B,293.80M,2017-06,0,97.87M,-7.393M,-7.393M,2.820B,753.28M,943.20M,163.62M,608.09M,156.22M,58.35M,1.727B,54.79M,1.408B,3.778B,0,908.35M,608.09M,2.371B,2.870B,1.763B,130.18M,419.31M,749.04M
JBHT,2017-03,0,12.26M,1.360B,0,0,0.93,0.92,0,4.331B,269.57M,2017-03,0,102.70M,-6.817M,-6.817M,2.831B,792.56M,950.60M,149.39M,586.52M,142.57M,39.87M,1.629B,51.48M,1.372B,3.770B,0,893.34M,586.52M,2.398B,2.877B,1.812B,120.18M,369.76M,707.43M
JBHT,2016-12,0,6.377M,1.404B,0,0,1.056,1.05,0,4.259B,316.58M,2016-12,0,117.56M,-5.876M,-5.876M,2.819B,790.63M,986.30M,194.36M,694.87M,188.48M,70.93M,1.721B,50.42M,1.414B,3.951B,0,1.067B,694.87M,2.537B,2.883B,1.842B,122.22M,384.31M,934.95M
JBHT,2016-09,0,5.481M,1.386B,0,0,0.97,0.97,0,4.209B,304.72M,2016-09,0,109.42M,-6.485M,-6.485M,2.809B,731.07M,943.70M,182.98M,600.84M,176.49M,67.07M,1.691B,47.89M,1.385B,3.730B,0,842.40M,600.84M,2.345B,2.888B,1.744B,121.75M,402.91M,775.02M
JBHT,2016-06,0,11.28M,1.329B,0,0,0.93,0.92,0,4.129B,286.30M,2016-06,0,105.01M,-6.42M,-6.42M,2.767B,742.57M,957.60M,175.79M,552.72M,169.37M,64.36M,1.615B,42.64M,1.379B,3.697B,0,827.01M,552.72M,2.318B,2.870B,1.765B,110.50M,343.65M,744.03M
JBHT,2016-03,0,5.992M,1.251B,250.00M,13.79M,0.89,0.88,0,4.079B,278.03M,2016-03,23.19M,100.10M,-6.442M,-6.442M,2.739B,755.48M,961.30M,167.89M,580.71M,161.45M,61.35M,1.529B,44.48M,1.286B,3.647B,1.671M,814.93M,580.71M,2.361B,2.832B,1.780B,110.14M,381.18M,690.35M
JBHT,2015-12,0,5.566M,1.322B,250.00M,2.485M,1.025,1.01,0,4.019B,299.36M,2015-12,27.74M,116.74M,-4.289M,-4.289M,2.701B,740.22M,998.00M,192.89M,532.42M,188.60M,71.86M,1.621B,38.79M,1.300B,3.630B,1.671M,857.92M,532.42M,2.329B,2.772B,1.797B,106.47M,340.33M,731.28M
JBHT,2015-09,0,5.542M,1.285B,250.00M,2.485M,1,0.99,0,3.958B,301.74M,2015-09,26.25M,115.14M,-7.838M,-7.838M,2.671B,673.03M,993.40M,193.85M,544.05M,186.01M,70.87M,1.586B,39.91M,1.249B,3.519B,1.671M,768.17M,544.05M,2.270B,2.751B,1.726B,107.89M,355.67M,671.40M
JBHT,2015-06,0,5.586M,1.248B,250.00M,2.485M,0.89,0.88,0,3.881B,292.28M,2015-06,0,103.42M,-6.661M,-6.661M,2.626B,667.14M,643.20M,173.74M,526.60M,167.07M,63.66M,1.540B,51.09M,1.339B,3.485B,0,786.63M,776.60M,2.146B,2.699B,1.370B,118.54M,341.52M,665.24M
JBHT,2015-03,0,5.646M,1.187B,100.00M,0,0.79,0.78,0,3.801B,252.79M,2015-03,0,91.93M,-6.703M,-6.703M,2.553B,700.52M,628.20M,155.22M,512.33M,148.52M,56.58M,1.440B,37.00M,1.277B,3.429B,0,803.51M,762.33M,2.152B,2.625B,1.389B,97.57M,328.11M,631.17M
JBHT,2014-12,0,5.961M,1.321B,250.00M,0,0.94,0.93,0,3.720B,288.49M,2014-12,0,110.31M,-5.583M,-5.583M,2.483B,659.79M,683.54M,182.90M,521.07M,177.32M,67.02M,1.610B,42.70M,1.205B,3.378B,0,861.50M,771.07M,2.174B,2.517B,1.403B,105.58M,325.84M,653.80M
JBHT,2014-09,0,5.859M,1.320B,0,0,0.87,0.87,0,3.585B,281.04M,2014-09,0,102.41M,-6.649M,-6.649M,2.385B,556.35M,587.07M,172.10M,526.50M,165.45M,63.04M,1.601B,42.07M,1.160B,3.159B,0,737.68M,790.29M,1.999B,2.421B,1.209B,108.94M,352.64M,671.30M
JBHT,2014-06,0,5.87M,1.284B,0,0,0.8,0.79,0,3.489B,263.64M,2014-06,0,93.41M,-8.329M,-8.329M,2.317B,560.29M,874.03M,159.23M,512.15M,150.90M,57.49M,1.548B,36.59M,1.081B,3.091B,0,739.22M,514.63M,2.010B,2.352B,1.496B,104.41M,338.06M,667.62M
JBHT,2014-03,0,124.21M,1.199B,0,0,0.59,0.58,0,3.399B,208.18M,2014-03,0,68.66M,-6.38M,-6.38M,2.236B,572.68M,752.21M,117.31M,560.32M,110.93M,42.26M,1.407B,31.12M,1.068B,3.116B,0,842.07M,662.80M,2.048B,2.274B,1.385B,90.88M,371.24M,635.11M
JBHT,2013-12,0,5.831M,1.226B,0,0,0.7835,0.77,0,3.260B,247.99M,2013-12,0,91.86M,-4.82M,-4.82M,2.112B,577.96M,458.42M,153.53M,459.81M,148.71M,56.85M,1.474B,33.09M,1.012B,2.819B,0,680.20M,712.30M,1.807B,2.139B,1.095B,94.46M,305.46M,568.52M
JBHT,2013-09,0,5.968M,1.193B,250.00M,0.75M,0.76,0.75,0,3.150B,243.21M,2013-09,23.06M,89.47M,-5.835M,-5.835M,2.037B,547.42M,437.47M,150.73M,439.59M,144.89M,55.42M,1.436B,28.93M,980.48M,2.712B,1.671M,648.03M,690.34M,1.732B,2.064B,1.042B,92.48M,304.80M,584.91M
JBHT,2013-06,0,5.923M,1.149B,200.00M,0.75M,0.75,0.73,0,3.054B,234.25M,2013-06,20.93M,87.70M,-6.23M,-6.23M,1.976B,528.15M,474.13M,147.41M,498.36M,141.18M,53.48M,1.383B,29.17M,902.24M,2.656B,1.671M,651.56M,699.11M,1.754B,2.005B,1.055B,86.84M,364.20M,579.64M
JBHT,2013-03,0,5.747M,1.086B,200.00M,0.75M,0.62,0.61,0,2.983B,206.04M,2013-03,0,73.35M,-6.256M,-6.256M,1.941B,536.02M,393.29M,125.04M,526.47M,118.78M,45.43M,1.292B,28.57M,875.77M,2.586B,0,615.20M,727.22M,1.710B,1.971B,983.13M,81.00M,374.97M,529.33M
JBHT,2012-12,0,5.589M,1.114B,100.00M,0.75M,0.7145,0.7,0,2.905B,224.10M,2012-12,0,83.98M,-5.296M,-5.296M,1.885B,531.62M,585.35M,143.34M,402.01M,138.04M,54.06M,1.338B,28.24M,791.86M,2.465B,0,554.53M,502.76M,1.673B,1.910B,1.170B,80.76M,266.72M,466.01M
JBHT,2012-09,0,5.659M,1.079B,100.00M,0,0.66,0.65,0,2.862B,216.36M,2012-09,0,78.24M,-6.346M,-6.346M,1.848B,516.72M,544.90M,133.05M,390.36M,126.71M,48.46M,1.296B,27.58M,781.19M,2.438B,0,563.26M,548.68M,1.657B,1.875B,1.108B,83.31M,328.76M,504.25M
JBHT,2012-06,0,5.887M,1.042B,100.00M,22.36M,0.69,0.67,0,2.777B,213.23M,2012-06,0,80.45M,-6.929M,-6.929M,1.796B,498.46M,579.46M,137.22M,366.68M,130.29M,49.84M,1.255B,23.15M,713.27M,2.365B,0,540.42M,524.36M,1.652B,1.825B,1.128B,76.02M,298.59M,472.08M
JBHT,2012-03,0,5.713M,982.84M,100.00M,22.36M,0.58,0.57,0,2.713B,183.09M,2012-03,0,67.68M,-6.987M,-6.987M,1.761B,500.04M,602.12M,116.60M,389.85M,109.61M,41.93M,1.166B,19.54M,630.30M,2.323B,0,536.09M,543.42M,1.693B,1.787B,1.149B,66.49M,301.64M,447.71M
JBHT,2011-12,0,5.45M,1.725B,50.00M,0,0.62,0.61,0,2.658B,-519.70M,2011-12,0,72.56M,-6.214M,-6.214M,1.727B,516.72M,699.18M,122.29M,388.52M,116.07M,43.51M,1.205B,-671.97M,567.54M,2.267B,0,513.54M,438.52M,1.700B,1.754B,1.261B,-641.99M,251.62M,411.48M
JBHT,2011-09,0,7.747M,736.09M,50.00M,0,0.58,0.57,0,2.568B,435.18M,2011-09,0,68.65M,-7.145M,-7.145M,1.656B,413.48M,718.03M,118.68M,346.50M,111.54M,42.88M,1.171B,262.10M,497.63M,2.163B,0,477.39M,487.22M,1.665B,1.685B,1.178B,316.50M,275.67M,424.63M
JBHT,2011-06,0,11.15M,720.88M,15.00M,0,0.55,0.53,0,2.480B,428.97M,2011-06,0,65.70M,-6.706M,-6.706M,1.593B,384.55M,649.29M,113.44M,342.67M,106.74M,41.04M,1.150B,262.98M,598.34M,2.121B,0,508.15M,446.13M,1.523B,1.613B,1.076B,315.53M,270.96M,440.76M
