Ticker,Date,Accrued Comprehensive Inc,Cash and Short Term Investments,Cost of Goods Sold,Current Debt & Capital Lease Obligation,EPS Basic,EPS Diluted,Goodwill and Intangibles,Gross PP&E,Gross Profit,Income (Quarterly),Inventories,Net Income,Net Non-Operating Interest Income Expense,Net Operating Interest Income,Net PP&E,Non-Current Deferred Liabilities,Non-Current Portion of LTD and Capital Lease Obligation,Operating Income,Payables and Accrued Expenses,Pre-Tax Income,Provision for Income Taxes,Research and Development Expense,Revenue,SG&A Expense,Shareholders Equity,Total Assets,Total Capital Stock,Total Current Assets,Total Current Liabilities,Total Liabilities,Total Long Term Assets,Total Long Term Liabilities,Total Operating Expenses,Total Payables,Total Receivables
JNJ,2021-03,-15.24B,25.18B,7.063B,2.631B,2.354,2.32,89.80B,46.80B,15.26B,2021-03,9.344B,6.197B,-48.00M,-48.00M,18.77B,7.214B,32.64B,6.648B,36.38B,7.429B,1.232B,3.178B,22.32B,5.432B,63.28B,174.89B,3.12B,51.24B,42.49B,111.62B,123.66B,69.12B,8.61B,10.90B,13.58B
JNJ,2020-12,-14.94B,30.78B,7.814B,5.078B,0.6602,0.65,81.31B,45.16B,14.66B,2020-12,9.599B,1.738B,-74.00M,-74.00M,17.86B,5.615B,32.68B,4.172B,30.76B,1.647B,-91.00M,4.032B,22.48B,6.457B,64.47B,170.69B,3.12B,57.58B,38.85B,106.22B,113.12B,67.37B,10.49B,8.71B,14.58B
JNJ,2020-09,-15.53B,19.14B,6.972B,5.332B,1.35,1.33,81.30B,44.06B,14.11B,2020-09,9.424B,3.554B,-32.00M,-32.00M,17.60B,5.532B,25.06B,5.839B,29.13B,4.401B,847.00M,2.84B,21.08B,5.431B,62.98B,158.38B,3.12B,45.89B,36.77B,95.40B,112.49B,58.63B,8.271B,8.397B,14.64B
JNJ,2020-06,-16.24B,18.02B,6.579B,2.19B,1.38,1.36,80.81B,43.25B,11.76B,2020-06,8.868B,3.626B,-26.00M,-26.00M,17.40B,5.766B,25.39B,4.057B,29.33B,3.94B,314.00M,2.707B,18.34B,4.993B,61.29B,155.02B,3.12B,44.23B,33.69B,93.72B,110.79B,60.03B,7.70B,9.341B,14.87B
JNJ,2020-03,-15.89B,19.29B,7.062B,1.202B,2.2,2.17,81.28B,43.33B,13.63B,2020-03,9.02B,5.796B,42.00M,42.00M,17.66B,5.958B,26.49B,5.846B,31.41B,6.509B,713.00M,2.58B,20.69B,5.203B,59.47B,157.73B,3.12B,45.27B,35.96B,98.26B,112.45B,62.29B,7.783B,10.81B,14.48B
JNJ,2019-12,-15.53B,17.94B,7.134B,2.299B,1.523,1.5,81.14B,42.62B,13.61B,2019-12,9.173B,4.01B,-4.00M,-4.00M,17.05B,6.526B,26.92B,4.342B,29.98B,4.218B,208.00M,3.232B,20.75B,6.039B,58.21B,155.52B,3.12B,44.33B,35.16B,97.31B,111.19B,62.15B,9.271B,9.996B,14.80B
JNJ,2019-09,-14.97B,15.28B,6.867B,1.719B,0.67,0.66,82.99B,42.90B,13.86B,2019-09,9.263B,1.753B,41.00M,41.00M,17.25B,7.725B,27.70B,5.889B,27.34B,1.647B,-106.00M,2.599B,20.73B,5.374B,60.78B,155.12B,3.12B,41.80B,31.35B,94.33B,113.32B,62.98B,7.973B,8.613B,14.65B
JNJ,2019-06,-15.52B,15.34B,6.94B,1.708B,2.11,2.08,78.35B,42.26B,13.62B,2019-06,9.086B,5.607B,5.00M,5.00M,17.00B,7.394B,27.66B,5.41B,25.42B,7.041B,1.434B,2.666B,20.56B,5.546B,58.96B,150.03B,3.12B,41.99B,29.11B,91.07B,108.04B,61.96B,8.212B,7.948B,14.12B
JNJ,2019-03,-15.22B,19.69B,6.615B,2.796B,1.41,1.39,78.06B,41.85B,13.41B,2019-03,8.599B,3.749B,-3.00M,-3.00M,17.04B,7.506B,27.68B,5.329B,25.34B,4.422B,673.00M,2.858B,20.02B,5.219B,59.75B,152.95B,3.12B,46.03B,31.23B,93.20B,106.92B,61.97B,8.077B,8.355B,14.10B
JNJ,2018-12,-14.65B,19.36B,6.961B,1.773B,1.12,1.12,79.34B,41.52B,13.43B,2018-12,8.678B,3.042B,-54.00M,-54.00M,16.63B,7.711B,29.48B,4.218B,22.82B,3.122B,80.00M,3.224B,20.39B,5.991B,64.63B,155.70B,3.12B,47.19B,27.44B,91.08B,108.51B,63.64B,9.215B,8.096B,14.05B
JNJ,2018-09,-14.78B,18.14B,6.589B,2.678B,1.47,1.44,80.40B,41.29B,13.76B,2018-09,8.81B,3.934B,-68.00M,-68.00M,16.63B,7.666B,29.40B,5.708B,22.56B,4.423B,489.00M,2.508B,20.35B,5.543B,62.89B,155.36B,3.12B,45.44B,27.49B,92.48B,109.93B,64.99B,8.051B,7.444B,14.11B
JNJ,2018-06,-12.61B,15.20B,6.927B,2.696B,1.47,1.45,83.51B,42.00B,13.90B,2018-06,9.014B,3.954B,-127.00M,-127.00M,17.04B,8.057B,29.84B,5.521B,22.49B,4.973B,1.019B,2.639B,20.83B,5.743B,63.26B,156.62B,3.12B,42.77B,27.08B,93.37B,113.86B,66.29B,8.382B,8.002B,14.17B
JNJ,2018-03,-13.20B,18.30B,6.614B,3.906B,1.63,1.6,85.13B,41.47B,13.40B,2018-03,8.765B,4.367B,-145.00M,-145.00M,17.00B,8.368B,30.68B,5.728B,23.68B,5.481B,1.114B,2.404B,20.01B,5.263B,60.16B,157.30B,3.12B,43.09B,30.54B,97.14B,114.22B,66.61B,7.667B,9.164B,13.49B
JNJ,2017-12,-12.75B,16.23B,7.259B,8.491B,-3.99,-3.99,85.88B,40.93B,12.94B,2017-12,9.521B,-10.71B,-189.00M,-189.00M,16.63B,4.41B,26.68B,3.248B,20.42B,2.56B,13.27B,3.643B,20.20B,6.045B,73.98B,155.66B,3.12B,41.83B,31.81B,81.68B,113.83B,49.87B,9.688B,7.573B,13.16B
JNJ,2017-09,-13.23B,12.85B,6.925B,7.209B,1.4,1.37,86.18B,40.08B,12.72B,2017-09,9.699B,3.764B,-155.00M,-155.00M,16.46B,4.846B,27.36B,4.717B,19.29B,4.79B,1.026B,2.585B,19.65B,5.423B,71.92B,152.81B,3.12B,38.79B,28.87B,80.88B,114.02B,52.01B,8.008B,6.894B,13.28B
JNJ,2017-06,-14.52B,39.34B,5.846B,5.355B,1.42,1.4,54.31B,38.70B,12.99B,2017-06,8.878B,3.827B,-122.00M,-122.00M,16.19B,3.308B,27.02B,5.408B,17.93B,4.748B,921.00M,2.296B,18.84B,5.289B,70.34B,144.92B,3.12B,63.35B,25.12B,74.58B,81.57B,49.46B,7.585B,7.215B,12.30B
JNJ,2017-03,-14.90B,41.91B,5.409B,4.684B,1.63,1.61,49.68B,37.77B,12.36B,2017-03,8.144B,4.422B,-83.00M,-83.00M,15.91B,2.91B,22.44B,5.524B,18.93B,5.575B,1.153B,2.07B,17.77B,4.763B,70.42B,141.21B,3.12B,65.03B,26.29B,70.79B,76.18B,44.50B,6.833B,7.889B,11.70B
JNJ,2016-12,-12.72B,40.43B,5.638B,3.443B,1.402,1.38,50.81B,38.37B,12.47B,2016-12,8.488B,3.814B,-84.00M,-84.00M,16.10B,3.193B,23.55B,4.349B,17.23B,4.324B,510.00M,2.688B,18.11B,5.431B,72.77B,140.37B,3.12B,63.32B,23.23B,67.60B,77.05B,44.37B,8.119B,6.769B,11.80B
JNJ,2016-09,-12.71B,42.58B,5.486B,1.708B,1.56,1.53,47.80B,37.78B,12.33B,2016-09,8.523B,4.272B,-95.00M,-95.00M,15.97B,2.849B,24.54B,5.384B,17.66B,5.281B,1.009B,2.178B,17.82B,4.772B,72.47B,139.81B,3.12B,66.29B,21.54B,67.34B,73.52B,45.80B,6.95B,6.751B,12.06B
JNJ,2016-06,-12.39B,39.86B,5.336B,3.116B,1.46,1.43,47.69B,37.43B,13.15B,2016-06,8.17B,3.997B,-102.00M,-102.00M,15.96B,2.877B,20.23B,5.706B,17.19B,4.904B,907.00M,2.264B,18.48B,5.176B,72.65B,136.23B,3.12B,62.74B,22.13B,63.58B,73.49B,41.45B,7.44B,6.933B,11.41B
JNJ,2016-03,-13.16B,38.38B,5.329B,7.004B,1.62,1.59,47.39B,36.65B,12.15B,2016-03,8.053B,4.457B,-77.00M,-77.00M,15.90B,2.562B,12.86B,5.452B,18.27B,5.294B,837.00M,2.013B,17.48B,4.688B,71.15B,133.41B,3.12B,60.21B,27.75B,62.26B,73.20B,34.51B,6.701B,7.418B,10.73B
JNJ,2015-12,-12.86B,37.31B,5.673B,5.677B,1.162,1.15,47.27B,36.40B,12.14B,2015-12,8.206B,3.215B,-107.00M,-107.00M,15.55B,3.561B,14.07B,3.383B,17.26B,3.758B,543.00M,2.864B,17.81B,5.891B,71.55B,133.27B,3.12B,63.49B,25.26B,61.71B,69.77B,36.45B,8.755B,6.859B,11.37B
JNJ,2015-09,-12.05B,33.95B,5.224B,5.222B,1.21,1.2,48.51B,36.11B,11.88B,2015-09,8.298B,3.358B,-91.00M,-91.00M,15.58B,3.702B,14.08B,4.643B,17.22B,4.122B,764.00M,2.154B,17.10B,5.081B,71.13B,132.04B,3.12B,61.00B,24.51B,60.90B,71.04B,36.39B,7.235B,7.056B,11.97B
JNJ,2015-06,-13.30B,31.32B,5.357B,4.045B,1.63,1.61,48.37B,35.40B,12.43B,2015-06,8.085B,4.516B,-107.00M,-107.00M,15.36B,3.584B,14.94B,4.917B,18.23B,5.741B,1.225B,2.129B,17.79B,5.384B,67.88B,128.59B,3.12B,58.19B,23.84B,60.71B,70.40B,36.88B,7.513B,7.962B,11.53B
JNJ,2015-03,-10.72B,33.09B,5.282B,3.638B,1.55,1.53,49.05B,36.68B,12.09B,2015-03,8.184B,4.32B,-119.00M,-119.00M,16.13B,2.447B,15.12B,5.346B,18.64B,5.575B,1.255B,1.899B,17.37B,4.847B,69.75B,130.36B,3.12B,55.74B,25.03B,60.61B,74.61B,35.58B,6.746B,8.079B,10.98B
JNJ,2014-12,-5.382B,33.00B,5.853B,2.115B,0.9058,0.89,47.94B,36.45B,12.40B,2014-12,8.419B,2.521B,-122.00M,-122.00M,15.80B,4.063B,13.15B,3.944B,18.53B,2.703B,182.00M,2.635B,18.25B,5.822B,76.59B,132.10B,3.12B,59.97B,22.98B,55.51B,72.12B,32.52B,8.457B,8.138B,11.62B
JNJ,2014-09,-3.007B,31.62B,5.399B,3.819B,1.69,1.66,49.11B,36.95B,13.07B,2014-09,8.155B,4.749B,-112.00M,-112.00M,16.16B,4.491B,13.30B,5.577B,18.40B,6.81B,2.061B,2.023B,18.47B,5.468B,78.05B,135.20B,3.12B,60.12B,24.36B,57.15B,75.08B,32.79B,7.491B,7.248B,12.26B
JNJ,2014-06,-2.645B,29.39B,6.039B,3.949B,1.53,1.51,49.82B,36.25B,13.46B,2014-06,8.009B,4.326B,-114.00M,-114.00M,16.00B,4.594B,13.34B,5.97B,18.15B,5.626B,1.30B,2.005B,19.50B,5.481B,76.58B,133.33B,3.12B,57.37B,23.84B,56.75B,75.96B,32.91B,7.486B,6.975B,12.12B
JNJ,2014-03,-2.86B,29.21B,5.455B,4.852B,1.67,1.64,50.74B,37.13B,12.66B,2014-03,7.878B,4.727B,-118.00M,-118.00M,16.71B,3.989B,13.33B,5.646B,18.03B,5.424B,697.00M,1.831B,18.12B,5.183B,74.05B,132.68B,3.12B,56.41B,25.68B,58.63B,76.28B,32.96B,7.014B,7.036B,11.71B
JNJ,2013-12,-5.346B,25.23B,5.955B,5.359B,1.248,1.23,51.32B,36.43B,12.40B,2013-12,8.124B,3.519B,-116.00M,-116.00M,16.13B,3.613B,9.748B,4.072B,18.15B,2.75B,-769.00M,2.411B,18.36B,5.917B,69.80B,126.93B,3.12B,52.18B,25.84B,57.13B,74.76B,31.29B,8.328B,7.766B,12.03B
JNJ,2013-09,-6.81B,25.13B,5.344B,5.339B,1.06,1.04,50.04B,35.40B,12.23B,2013-09,7.822B,2.982B,-87.00M,-87.00M,15.79B,3.685B,9.643B,4.875B,16.43B,3.667B,685.00M,2.042B,17.58B,5.314B,69.66B,124.32B,3.12B,51.27B,23.77B,54.66B,73.05B,30.89B,7.356B,6.643B,11.61B
JNJ,2013-06,-6.689B,21.67B,5.489B,4.529B,1.36,1.33,50.36B,34.70B,12.39B,2013-06,7.691B,3.833B,-101.00M,-101.00M,15.72B,3.619B,11.36B,5.066B,16.36B,4.793B,960.00M,1.946B,17.88B,5.376B,66.86B,121.54B,3.12B,47.23B,22.52B,54.68B,74.31B,32.16B,7.322B,6.55B,11.52B
JNJ,2013-03,-5.81B,21.09B,5.554B,4.676B,1.25,1.22,51.18B,34.65B,11.95B,2013-03,7.495B,3.497B,-104.00M,-104.00M,16.10B,3.136B,11.49B,4.944B,17.16B,4.261B,764.00M,1.784B,17.50B,5.223B,64.83B,121.35B,3.12B,46.12B,24.26B,56.52B,75.23B,32.26B,7.007B,6.895B,11.31B
JNJ,2012-12,-4.925B,19.77B,6.003B,5.423B,0.9239,0.91,50.57B,34.08B,11.56B,2012-12,7.809B,2.567B,-89.00M,-89.00M,15.84B,2.716B,11.43B,3.563B,16.38B,3.10B,533.00M,2.331B,17.56B,5.661B,63.76B,118.95B,3.12B,44.79B,23.94B,55.19B,74.16B,31.26B,7.992B,6.846B,11.18B
JNJ,2012-09,-6.204B,16.92B,5.597B,6.04B,1.08,1.05,50.61B,33.30B,11.46B,2012-09,7.697B,2.968B,-120.00M,-120.00M,15.62B,2.276B,11.52B,4.304B,15.90B,3.595B,966.00M,1.923B,17.05B,5.228B,60.43B,115.75B,3.12B,41.62B,23.85B,55.32B,74.14B,31.47B,7.151B,6.404B,10.99B
JNJ,2012-06,-4.54B,33.85B,5.143B,6.439B,0.51,0.5,34.50B,32.55B,11.33B,2012-06,6.80B,1.408B,-129.00M,-129.00M,14.82B,1.846B,13.01B,4.601B,14.76B,2.035B,627.00M,1.766B,16.48B,4.965B,61.37B,116.19B,3.12B,57.01B,21.20B,54.83B,59.19B,33.63B,6.731B,5.999B,10.98B
JNJ,2012-03,-5.632B,32.26B,4.915B,6.658B,1.43,1.41,34.28B,31.83B,11.22B,2012-03,6.285B,3.91B,-130.00M,-130.00M,14.74B,1.80B,12.97B,4.564B,13.82B,5.045B,1.135B,1.645B,16.14B,5.015B,57.08B,113.64B,3.12B,54.32B,22.81B,56.56B,59.33B,33.75B,6.66B,6.579B,10.58B
JNJ,2011-12,-3.068B,30.93B,5.338B,5.326B,0.09,0.09,34.27B,31.74B,10.92B,2011-12,6.428B,218.00M,-148.00M,-148.00M,14.64B,1.889B,13.03B,3.304B,14.10B,318.00M,100.00M,2.155B,16.26B,5.458B,61.53B,111.82B,3.12B,53.44B,21.69B,50.29B,58.38B,28.61B,7.613B,7.066B,10.55B
JNJ,2011-09,-1.192B,29.68B,5.072B,5.046B,1.17,1.15,34.62B,32.44B,10.93B,2011-09,6.413B,3.202B,-117.00M,-117.00M,14.97B,1.888B,13.68B,3.92B,13.84B,4.111B,909.00M,1.773B,16.00B,5.24B,62.13B,112.11B,3.12B,52.67B,20.98B,49.98B,59.44B,29.00B,7.013B,6.497B,10.98B
JNJ,2011-06,-2.02B,26.87B,5.172B,8.575B,1.01,1,34.81B,31.80B,11.42B,2011-06,6.20B,2.776B,-111.00M,-111.00M,15.08B,0,9.255B,4.328B,13.66B,3.422B,646.00M,1.882B,16.60B,5.215B,59.86B,108.15B,3.12B,49.22B,24.01B,48.29B,58.93B,24.28B,7.097B,6.708B,10.86B
