Ticker,Date,Accrued Comprehensive Inc,Cash and Short Term Investments,Cost of Goods Sold,Current Debt & Capital Lease Obligation,Current Deferred Liabilities,EPS Basic,EPS Diluted,Goodwill and Intangibles,Gross PP&E,Gross Profit,Income (Quarterly),Inventories,Net Income,Net Non-Operating Interest Income Expense,Net Operating Interest Income,Net PP&E,Non-Current Deferred Liabilities,Non-Current Portion of LTD and Capital Lease Obligation,Operating Income,Payables and Accrued Expenses,Pre-Tax Income,Provision for Income Taxes,Research and Development Expense,Revenue,SG&A Expense,Shareholders Equity,Total Assets,Total Capital Stock,Total Current Assets,Total Current Liabilities,Total Liabilities,Total Long Term Assets,Total Long Term Liabilities,Total Operating Expenses,Total Payables,Total Receivables
JNPR,2020-12,55.60M,1.774B,505.60M,421.50M,867.30M,0.09,0.09,3.936B,2.264B,717.00M,2020-12,210.20M,30.80M,-12.60M,-12.60M,946.90M,418.50M,1.869B,151.20M,601.60M,39.20M,8.40M,242.50M,1.223B,323.30M,4.544B,9.378B,0,3.271B,2.161B,4.835B,6.107B,2.674B,565.80M,277.00M,964.10M
JNPR,2020-09,15.20M,1.841B,480.40M,299.50M,750.20M,0.44,0.43,3.489B,941.30M,657.80M,2020-09,166.40M,145.40M,-13.00M,-13.00M,941.30M,383.80M,1.885B,126.30M,554.40M,111.60M,-33.80M,242.40M,1.138B,289.10M,4.561B,8.695B,0,3.038B,1.502B,4.134B,5.656B,2.632B,531.50M,269.60M,754.00M
JNPR,2020-06,-22.90M,1.858B,466.70M,349.90M,834.50M,0.18,0.18,3.498B,955.80M,619.60M,2020-06,118.00M,61.20M,-10.00M,-10.00M,955.80M,377.10M,1.882B,95.30M,546.10M,86.10M,24.90M,241.00M,1.086B,283.30M,4.464B,8.742B,0,3.001B,1.596B,4.277B,5.740B,2.681B,524.30M,238.00M,754.70M
JNPR,2020-03,-59.20M,1.922B,418.70M,349.70M,854.70M,0.06,0.06,3.508B,968.70M,579.30M,2020-03,97.30M,20.40M,-5.10M,-5.10M,968.70M,400.10M,1.866B,48.30M,515.90M,28.30M,7.90M,232.50M,998.00M,298.50M,4.391B,8.610B,0,2.973B,1.536B,4.219B,5.637B,2.682B,531.00M,236.40M,675.10M
JNPR,2019-12,-18.50M,1.954B,488.80M,0,812.90M,0.5,0.49,3.523B,2.216B,719.30M,2019-12,90.60M,168.40M,-4.30M,-4.30M,1.001B,410.50M,1.855B,178.30M,502.00M,174.00M,5.60M,239.60M,1.208B,301.40M,4.611B,8.838B,0,3.210B,1.544B,4.227B,5.628B,2.683B,541.00M,219.50M,879.70M
JNPR,2019-09,-26.80M,2.246B,454.70M,0,741.60M,0.29,0.29,3.534B,1.021B,678.40M,2019-09,90.10M,99.30M,-2.40M,-2.40M,1.021B,377.10M,1.85B,137.40M,504.40M,118.10M,18.80M,244.50M,1.133B,296.50M,4.642B,8.754B,0,3.188B,1.423B,4.111B,5.566B,2.688B,541.00M,229.00M,635.80M
JNPR,2019-06,-11.30M,2.800B,465.70M,0,820.00M,0.13,0.13,3.544B,1.047B,636.80M,2019-06,92.10M,46.20M,-2.20M,-2.20M,1.047B,381.40M,1.658B,103.80M,439.20M,77.80M,31.60M,244.00M,1.102B,289.00M,4.591B,8.903B,0,3.759B,1.766B,4.312B,5.145B,2.546B,533.00M,183.30M,659.40M
JNPR,2019-03,-10.90M,3.383B,419.40M,0,860.10M,0.09,0.09,3.223B,1.077B,582.30M,2019-03,92.40M,31.10M,-0.70M,-0.70M,1.077B,370.80M,1.966B,58.00M,462.20M,44.50M,13.40M,227.60M,1.002B,296.70M,4.851B,9.138B,0,4.310B,1.489B,4.287B,4.828B,2.798B,524.30M,219.10M,645.40M
JNPR,2018-12,-18.20M,3.559B,470.10M,0,829.30M,0.56,0.55,3.227B,2.124B,710.90M,2018-12,80.60M,192.20M,-2.60M,-2.60M,951.70M,384.30M,1.789B,201.80M,442.30M,188.40M,-3.80M,231.20M,1.181B,277.90M,4.823B,9.363B,0,4.582B,1.842B,4.540B,4.782B,2.698B,509.10M,208.80M,754.60M
JNPR,2018-09,-24.50M,3.389B,468.80M,0,814.10M,0.65,0.64,3.209B,0,711.00M,2018-09,74.10M,223.80M,-6.90M,-6.90M,967.60M,351.20M,1.789B,164.50M,399.50M,152.00M,-71.80M,253.80M,1.180B,292.70M,4.651B,9.100B,0,4.291B,1.740B,4.449B,4.810B,2.709B,546.50M,184.70M,648.30M
JNPR,2018-06,-16.40M,3.123B,503.20M,349.50M,872.10M,0.33,0.33,3.216B,2.223B,700.90M,2018-06,79.50M,116.50M,-9.90M,-9.90M,987.10M,365.10M,1.788B,159.60M,387.30M,150.90M,34.40M,248.80M,1.204B,292.50M,4.418B,9.121B,0,4.105B,1.808B,4.703B,5.016B,2.895B,541.30M,183.20M,702.20M
JNPR,2018-03,12.50M,2.932B,464.20M,349.30M,888.20M,0.1,0.1,3.22B,2.157B,618.40M,2018-03,92.60M,34.40M,-11.10M,-11.10M,1.014B,368.70M,1.788B,53.60M,419.70M,41.40M,7.00M,269.40M,1.083B,295.40M,4.325B,9.078B,0,3.921B,1.83B,4.754B,5.158B,2.924B,564.80M,189.20M,679.90M
JNPR,2017-12,-5.40M,3.033B,488.30M,0,1.030B,-0.4,-0.4,3.224B,0,751.20M,2017-12,93.80M,-148.10M,-9.70M,-9.70M,1.021B,509.00M,2.136B,238.90M,521.90M,200.20M,348.30M,227.90M,1.240B,284.40M,4.681B,9.834B,0,4.184B,1.738B,5.153B,5.649B,3.415B,512.30M,217.60M,852.00M
JNPR,2017-09,-6.40M,3.286B,485.40M,0,977.40M,0.44,0.43,3.229B,0,772.40M,2017-09,84.90M,165.70M,-10.60M,-10.60M,1.008B,485.50M,2.136B,232.90M,441.70M,225.80M,60.10M,236.40M,1.258B,303.10M,5.158B,9.744B,0,4.283B,1.585B,4.586B,5.461B,3.001B,539.50M,205.40M,724.30M
JNPR,2017-06,-16.50M,3.145B,507.00M,0,998.00M,0.47,0.47,3.201B,0,801.90M,2017-06,87.60M,179.80M,-13.00M,-13.00M,1.026B,503.00M,2.135B,266.20M,468.80M,245.20M,65.40M,240.20M,1.309B,295.50M,5.086B,9.753B,0,4.145B,1.673B,4.667B,5.608B,2.994B,535.70M,210.70M,750.40M
JNPR,2017-03,-21.60M,2.984B,474.40M,0,992.50M,0.29,0.28,3.205B,0,746.60M,2017-03,94.80M,108.80M,-14.90M,-14.90M,1.050B,500.50M,2.134B,175.70M,412.70M,140.60M,31.80M,276.20M,1.221B,294.70M,5.018B,9.638B,0,3.994B,1.583B,4.620B,5.644B,3.037B,570.90M,201.90M,670.90M
JNPR,2016-12,-37.30M,2.586B,527.90M,0,1.032B,0.52,0.51,3.212B,0,857.70M,2016-12,91.40M,188.90M,-15.20M,-15.20M,1.064B,449.10M,2.134B,287.30M,470.30M,272.10M,83.20M,263.00M,1.386B,307.40M,4.962B,9.656B,0,3.972B,1.736B,4.694B,5.685B,2.958B,570.40M,221.00M,1.054B
JNPR,2016-09,-13.40M,2.322B,485.80M,0,918.50M,0.45,0.45,3.162B,0,799.50M,2016-09,99.70M,172.40M,-16.00M,-16.00M,1.067B,385.60M,2.133B,250.80M,415.60M,236.60M,64.20M,251.80M,1.285B,296.90M,4.772B,9.145B,0,3.429B,1.508B,4.373B,5.716B,2.864B,548.70M,208.40M,753.60M
JNPR,2016-06,-4.40M,2.344B,464.90M,0,933.00M,0.37,0.36,3.077B,0,756.40M,2016-06,104.90M,140.00M,-16.50M,-16.50M,1.067B,362.60M,2.132B,206.20M,449.60M,192.20M,52.20M,247.90M,1.221B,302.30M,4.676B,9.063B,0,3.454B,1.582B,4.387B,5.609B,2.805B,550.20M,228.40M,750.30M
JNPR,2016-03,-7.50M,2.245B,407.00M,0,893.30M,0.24,0.23,3.019B,0,690.90M,2016-03,90.90M,91.40M,-14.60M,-14.60M,1.047B,366.70M,2.132B,148.70M,441.50M,126.50M,35.10M,251.00M,1.098B,291.20M,4.638B,8.918B,0,3.274B,1.515B,4.280B,5.644B,2.764B,542.20M,233.00M,783.90M
JNPR,2015-12,-19.20M,1.948B,477.20M,299.90M,822.90M,0.52,0.51,3.015B,1.976B,842.40M,2015-12,91.40M,197.80M,-15.90M,-15.90M,1.021B,345.20M,1.638B,279.00M,409.60M,260.60M,62.80M,247.20M,1.320B,316.20M,4.574B,8.608B,0,2.912B,1.802B,4.034B,5.696B,2.232B,563.40M,159.30M,780.70M
JNPR,2015-09,-19.40M,1.983B,451.20M,299.90M,814.40M,0.52,0.51,3.028B,1.730B,797.40M,2015-09,63.60M,197.70M,-15.90M,-15.90M,959.90M,310.50M,1.649B,258.00M,426.90M,249.60M,51.90M,247.00M,1.249B,292.40M,4.428B,8.506B,0,2.898B,1.735B,4.078B,5.608B,2.343B,539.40M,209.10M,577.50M
JNPR,2015-06,-7.30M,1.848B,440.70M,299.90M,795.40M,0.41,0.4,3.034B,1.709B,781.50M,2015-06,66.10M,158.00M,-15.10M,-15.10M,921.20M,309.00M,1.649B,241.20M,439.90M,226.00M,68.00M,251.60M,1.222B,288.70M,4.248B,8.283B,0,2.727B,1.762B,4.035B,5.556B,2.272B,540.30M,222.60M,533.00M
JNPR,2015-03,-29.20M,2.209B,410.10M,299.90M,855.50M,0.2,0.19,3.040B,0,657.30M,2015-03,59.00M,80.20M,-14.70M,-14.70M,912.20M,319.20M,1.649B,133.20M,445.10M,116.00M,35.80M,248.70M,1.067B,275.40M,4.617B,8.667B,0,3.102B,1.770B,4.050B,5.565B,2.279B,524.10M,223.60M,507.60M
JNPR,2014-12,-13.80M,1.972B,426.50M,0,780.80M,-1.81,-1.81,3.052B,0,675.10M,2014-12,54.50M,-769.60M,-13.60M,-13.60M,904.30M,294.90M,1.349B,158.00M,507.60M,-694.40M,75.20M,233.50M,1.102B,283.60M,4.919B,8.281B,0,2.811B,1.513B,3.362B,5.471B,1.849B,517.10M,234.60M,598.90M
JNPR,2014-09,-3.00M,1.915B,411.10M,0,728.40M,0.23,0.23,4.012B,0,714.80M,2014-09,43.80M,103.60M,-14.20M,-14.20M,888.80M,345.60M,1.349B,157.40M,486.80M,165.60M,62.00M,253.20M,1.126B,304.20M,6.190B,9.569B,0,3.063B,1.449B,3.379B,6.506B,1.930B,557.40M,242.20M,617.00M
JNPR,2014-06,13.10M,2.620B,481.30M,0,803.20M,0.47,0.46,4.186B,0,748.20M,2014-06,35.40M,221.10M,-15.70M,-15.70M,889.90M,370.10M,1.349B,174.10M,537.90M,294.50M,73.40M,255.50M,1.230B,318.60M,6.612B,10.14B,0,3.498B,1.574B,3.526B,6.640B,1.952B,574.10M,246.30M,560.80M
JNPR,2014-03,1.90M,2.958B,450.00M,0,772.50M,0.23,0.22,4.196B,0,720.10M,2014-03,54.70M,110.60M,-13.40M,-13.40M,905.70M,381.70M,1.349B,107.80M,493.20M,148.00M,37.40M,264.00M,1.170B,348.30M,6.310B,9.724B,0,3.880B,1.446B,3.414B,5.844B,1.968B,612.30M,222.20M,597.90M
JNPR,2013-12,64.60M,2.846B,470.00M,0,705.80M,0.3,0.3,4.255B,0,803.60M,2013-12,37.50M,151.80M,-12.40M,-12.40M,882.30M,363.50M,999.30M,213.50M,461.70M,185.20M,33.40M,258.70M,1.274B,331.40M,7.302B,10.33B,0,3.704B,1.441B,3.024B,6.622B,1.582B,590.10M,200.40M,578.30M
JNPR,2013-09,66.60M,2.845B,439.10M,0,731.90M,0.2,0.19,4.174B,0,746.50M,2013-09,55.20M,99.10M,-11.90M,-11.90M,868.20M,289.30M,999.30M,151.00M,448.50M,137.50M,38.40M,264.60M,1.186B,330.90M,7.312B,10.20B,0,3.680B,1.401B,2.886B,6.517B,1.485B,595.50M,205.60M,549.30M
JNPR,2013-06,-3.70M,2.793B,430.20M,0,750.40M,0.19,0.19,4.181B,1.581B,720.50M,2013-06,50.10M,97.90M,-13.20M,-13.20M,855.30M,277.60M,999.30M,146.50M,428.30M,125.90M,28.00M,257.70M,1.151B,316.30M,7.118B,10.01B,0,3.654B,1.423B,2.896B,6.360B,1.473B,574.00M,206.40M,509.10M
JNPR,2013-03,-5.20M,2.657B,388.40M,0,774.70M,0.18,0.18,4.189B,1.260B,670.80M,2013-03,54.10M,91.00M,-12.20M,-12.20M,839.00M,206.00M,999.20M,94.00M,415.10M,76.90M,-14.10M,262.20M,1.059B,314.60M,7.056B,9.830B,0,3.54B,1.424B,2.774B,6.290B,1.350B,576.80M,223.80M,532.60M
JNPR,2012-12,4.70M,2.849B,407.80M,0,693.50M,0.19,0.19,4.271B,0,733.00M,2012-12,57.20M,95.70M,-9.60M,-9.60M,811.90M,229.90M,999.20M,140.20M,449.20M,139.90M,44.20M,275.10M,1.141B,321.20M,6.999B,9.832B,0,3.601B,1.422B,2.833B,6.231B,1.411B,592.80M,209.30M,438.40M
JNPR,2012-09,5.227M,3.147B,444.50M,0,771.71M,0.03,0.03,4.106B,0,673.80M,2012-09,69.10M,16.80M,-10.20M,-10.20M,768.53M,221.22M,999.14M,74.10M,499.99M,38.80M,22.00M,288.20M,1.118B,310.40M,7.079B,9.961B,0.005M,3.942B,1.502B,2.881B,6.018B,1.379B,599.70M,291.24M,397.08M
JNPR,2012-06,-8.362M,3.439B,405.90M,0,773.28M,0.11,0.11,4.131B,0,667.90M,2012-06,0,57.70M,-10.60M,-10.60M,711.95M,219.62M,999.11M,89.70M,434.66M,89.50M,31.80M,268.70M,1.074B,308.30M,7.208B,10.05B,0.005M,4.230B,1.453B,2.837B,5.817B,1.384B,578.20M,224.50M,406.76M
JNPR,2012-03,-0.712M,3.430B,398.40M,0,760.62M,0.03,0.03,4.140B,0,634.10M,2012-03,0,16.30M,-11.40M,-11.40M,647.41M,238.96M,999.07M,50.90M,390.87M,23.30M,7.00M,269.60M,1.032B,312.40M,7.172B,9.945B,0.005M,4.231B,1.361B,2.772B,5.714B,1.411B,583.20M,197.99M,450.99M
JNPR,2011-12,-17.60M,3.552B,421.80M,0,712.60M,0.18,0.18,4.051B,0,698.94M,2011-12,0,96.13M,-11.40M,-11.40M,598.60M,254.40M,999.00M,141.41M,502.80M,122.47M,26.32M,250.48M,1.121B,311.20M,7.089B,9.984B,0,4.440B,1.467B,2.894B,5.544B,1.427B,557.54M,337.40M,577.40M
JNPR,2011-09,-5.468M,3.355B,394.19M,0,668.82M,0.16,0.16,4.059B,0,711.60M,2011-09,0,83.66M,-11.70M,-11.70M,576.42M,216.97M,999.00M,153.86M,505.24M,121.07M,37.40M,257.10M,1.106B,299.39M,6.938B,9.707B,0.005M,4.132B,1.367B,2.769B,5.576B,1.402B,557.75M,299.34M,444.00M
JNPR,2011-06,10.77M,3.470B,398.38M,0,707.42M,0.22,0.21,4.065B,0,722.17M,2011-06,0,115.56M,-12.60M,-12.60M,544.39M,222.80M,998.96M,172.69M,505.44M,157.23M,41.71M,257.25M,1.121B,290.90M,6.961B,9.793B,0.005M,4.286B,1.429B,2.831B,5.507B,1.402B,549.48M,282.32M,488.04M
JNPR,2011-03,9.746M,3.438B,365.73M,0,733.25M,0.24,0.24,4.071B,0,735.88M,2011-03,0,129.75M,-4.10M,-4.10M,516.44M,217.02M,1.101B,181.15M,481.76M,170.93M,41.27M,261.98M,1.102B,291.22M,6.896B,9.694B,0.005M,4.304B,1.404B,2.797B,5.389B,1.393B,554.74M,253.93M,471.01M
