Ticker,Date,Accrued Comprehensive Inc,Cash and Short Term Investments,Current Debt & Capital Lease Obligation,EPS Basic,EPS Diluted,Goodwill and Intangibles,Income (Quarterly),Net Income,Net Loan Assets,Net PP&E,Non-Current Portion of LTD and Capital Lease Obligation,Payables and Accrued Expenses,Pre-Tax Income,Provision for Income Taxes,Revenue,SG&A Expense,Shareholders Equity,Total Assets,Total Capital Stock,Total Current Assets,Total Current Liabilities,Total Liabilities,Total Long Term Assets,Total Long Term Liabilities,Total Operating Expenses,Total Payables,Total Receivables
JPM,2021-03,1.041B,1.091T,54.98B,4.51,4.5,54.59B,2021-03,14.30B,988.31B,26.93B,410.34B,345.51B,17.70B,3.397B,32.27B,13.87B,280.71B,3.689T,35.67B,1.551T,704.50B,3.409T,2.338T,2.688T,13.87B,345.51B,187.87B
JPM,2020-12,7.986B,883.56B,45.21B,3.8,3.79,53.43B,2020-12,12.14B,984.52B,27.11B,381.24B,295.52B,15.06B,2.929B,29.22B,11.28B,279.35B,3.386T,34.17B,1.270T,555.94B,3.107T,2.311T,2.526T,11.28B,295.52B,90.50B
JPM,2020-09,8.94B,842.82B,41.99B,2.93,2.92,51.59B,2020-09,9.443B,958.93B,26.67B,384.01B,291.91B,11.66B,2.218B,29.15B,11.66B,271.11B,3.246T,34.17B,1.240T,570.35B,2.975T,2.219T,2.385T,11.66B,291.91B,76.94B
JPM,2020-06,8.789B,951.14B,48.01B,1.39,1.38,51.67B,2020-06,4.687B,946.43B,26.30B,424.74B,288.39B,5.565B,878.00M,32.98B,12.58B,264.47B,3.213T,34.17B,1.280T,572.05B,2.949T,2.247T,2.356T,12.58B,288.39B,72.26B
JPM,2020-03,7.418B,750.51B,51.91B,0.79,0.78,51.87B,2020-03,2.865B,992.13B,25.88B,418.45B,318.96B,3.116B,251.00M,28.25B,12.33B,261.26B,3.139T,34.17B,1.121T,604.08B,2.878T,2.261T,2.254T,12.33B,318.96B,122.06B
JPM,2019-12,1.569B,604.00B,40.92B,2.58,2.57,53.34B,2019-12,8.52B,984.50B,25.81B,367.07B,247.72B,10.56B,2.045B,28.28B,11.52B,261.33B,2.687T,31.10B,926.02B,472.31B,2.426T,1.962T,1.929T,11.52B,247.72B,72.86B
JPM,2019-09,1.80B,610.02B,48.89B,2.69,2.68,53.08B,2019-09,9.08B,931.98B,25.12B,387.02B,272.85B,11.40B,2.325B,29.29B,11.97B,264.35B,2.765T,32.47B,956.40B,569.51B,2.500T,2.023T,1.912T,11.97B,272.85B,88.99B
JPM,2019-06,1.114B,544.40B,59.89B,2.83,2.82,53.30B,2019-06,9.652B,943.72B,24.66B,395.03B,257.62B,11.34B,1.69B,28.75B,11.70B,263.22B,2.727T,31.10B,900.66B,519.19B,2.464T,1.972T,1.919T,11.70B,257.62B,88.40B
JPM,2019-03,-558.00M,539.12B,71.30B,2.65,2.65,54.17B,2019-03,9.179B,942.71B,24.16B,408.80B,255.18B,11.23B,2.054B,29.12B,12.18B,259.84B,2.737T,31.10B,910.50B,549.16B,2.477T,1.940T,1.902T,12.18B,255.18B,72.24B
JPM,2018-12,-1.507B,509.19B,69.28B,1.99,1.98,54.35B,2018-12,7.066B,971.11B,14.93B,385.04B,232.68B,8.841B,1.775B,25.86B,10.82B,256.52B,2.623T,30.17B,903.98B,484.28B,2.366T,1.837T,1.856T,10.82B,232.68B,73.20B
JPM,2018-09,-2.425B,619.13B,64.64B,2.35,2.34,54.70B,2018-09,8.38B,941.19B,14.18B,379.58B,251.40B,10.69B,2.309B,27.26B,11.12B,258.96B,2.615T,31.87B,915.55B,497.64B,2.356T,1.777T,1.838T,11.12B,251.40B,78.79B
JPM,2018-06,-1.138B,607.19B,28.05B,2.31,2.29,54.54B,2018-06,8.316B,935.16B,14.13B,416.31B,239.50B,10.57B,2.256B,27.75B,11.30B,257.46B,2.590T,30.17B,909.36B,442.84B,2.333T,1.774T,1.868T,11.30B,239.50B,75.67B
JPM,2018-03,-1.063B,623.96B,27.49B,2.38,2.37,54.53B,2018-03,8.712B,921.05B,14.38B,409.22B,229.24B,10.66B,1.95B,27.91B,11.72B,256.20B,2.610T,30.17B,944.22B,435.82B,2.354T,1.759T,1.896T,11.72B,229.24B,72.66B
JPM,2017-12,-119.00M,633.53B,51.80B,1.08,1.07,54.39B,2017-12,4.232B,917.09B,14.16B,369.97B,222.26B,8.254B,4.022B,24.46B,10.26B,255.69B,2.534T,30.17B,899.68B,432.98B,2.278T,1.731T,1.814T,10.26B,222.26B,67.73B
JPM,2017-09,-309.00M,674.01B,24.25B,1.77,1.76,53.86B,2017-09,6.732B,900.22B,14.22B,407.39B,236.21B,9.556B,2.824B,25.58B,10.38B,258.38B,2.563T,30.17B,921.22B,429.85B,2.305T,1.756T,1.846T,10.38B,236.21B,61.76B
JPM,2017-06,-392.00M,664.86B,22.21B,1.83,1.82,53.88B,2017-06,7.029B,895.40B,14.21B,415.54B,230.96B,9.749B,2.72B,25.73B,10.38B,258.48B,2.563T,30.17B,947.47B,418.78B,2.305T,1.741T,1.855T,10.38B,230.96B,64.04B
JPM,2017-03,-923.00M,693.33B,14.91B,1.66,1.65,54.22B,2017-03,6.448B,882.56B,14.23B,404.75B,227.78B,8.341B,1.893B,24.94B,10.80B,255.86B,2.546T,30.17B,943.94B,426.00B,2.290T,1.743T,1.828T,10.80B,227.78B,60.04B
JPM,2016-12,-1.175B,628.53B,34.44B,1.73,1.71,54.25B,2016-12,6.727B,880.99B,14.13B,382.67B,235.97B,8.679B,1.952B,24.28B,9.622B,254.19B,2.491T,30.17B,910.82B,436.08B,2.237T,1.723T,1.758T,9.622B,235.97B,52.33B
JPM,2016-09,1.474B,637.98B,12.26B,1.6,1.58,53.13B,2016-09,6.286B,873.85B,14.21B,429.02B,238.56B,8.939B,2.653B,24.67B,10.24B,254.33B,2.521T,30.17B,934.95B,419.30B,2.267T,1.697T,1.805T,10.24B,238.56B,64.33B
JPM,2016-06,1.618B,590.10B,17.28B,1.56,1.55,53.29B,2016-06,6.20B,858.58B,14.26B,416.77B,242.40B,9.34B,3.14B,24.38B,10.12B,252.42B,2.466T,30.17B,892.28B,425.72B,2.214T,1.695T,1.748T,10.12B,242.40B,64.91B
JPM,2016-03,782.00M,615.80B,17.49B,1.36,1.35,53.91B,2016-03,5.52B,833.32B,14.20B,398.42B,236.25B,7.578B,2.058B,23.24B,9.981B,250.16B,2.424T,30.17B,896.67B,414.74B,2.174T,1.662T,1.720T,9.981B,236.25B,57.65B
JPM,2015-12,192.00M,602.26B,15.56B,1.34,1.32,54.95B,2015-12,5.434B,823.74B,14.36B,383.86B,160.42B,7.371B,1.937B,22.88B,9.121B,247.57B,2.352T,30.17B,861.44B,328.66B,2.104T,1.633T,1.664T,9.121B,160.42B,46.60B
JPM,2015-09,751.00M,653.94B,19.66B,1.7,1.68,55.16B,2015-09,6.804B,795.99B,14.71B,404.45B,245.13B,6.73B,-74.00M,22.78B,9.57B,245.73B,2.417T,30.17B,930.34B,445.10B,2.171T,1.638T,1.678T,9.57B,245.13B,57.93B
JPM,2015-06,1.102B,689.10B,42.24B,1.56,1.54,56.14B,2015-06,6.29B,777.33B,15.07B,397.15B,250.78B,8.377B,2.087B,23.81B,9.835B,241.20B,2.450T,29.02B,971.60B,473.91B,2.208T,1.646T,1.684T,9.835B,250.78B,69.64B
JPM,2015-03,2.43B,811.08B,55.66B,1.46,1.45,55.22B,2015-03,5.914B,750.12B,14.96B,394.08B,275.99B,8.224B,2.31B,24.07B,10.12B,235.86B,2.577T,25.60B,1.100T,528.23B,2.341T,1.650T,1.762T,10.12B,275.99B,70.01B
JPM,2014-12,2.189B,811.06B,66.34B,1.2,1.19,56.28B,2014-12,4.931B,743.15B,15.13B,388.30B,205.58B,6.501B,1.57B,22.75B,9.081B,231.73B,2.572T,24.17B,1.097T,464.03B,2.341T,1.664T,1.752T,9.081B,205.58B,70.08B
JPM,2014-09,3.266B,439.68B,91.85B,1.37,1.35,57.48B,2014-09,5.565B,728.37B,15.18B,268.72B,211.06B,7.914B,2.349B,24.47B,9.906B,231.28B,2.527T,24.17B,801.98B,501.65B,2.296T,1.606T,1.747T,9.906B,211.06B,147.96B
JPM,2014-06,3.438B,421.43B,98.52B,1.47,1.46,57.80B,2014-06,5.98B,731.66B,15.22B,269.93B,203.88B,8.555B,2.575B,24.68B,9.693B,227.31B,2.520T,22.57B,746.68B,518.96B,2.293T,1.660T,1.728T,9.693B,203.88B,77.10B
JPM,2014-03,2.276B,398.85B,92.78B,1.29,1.28,58.11B,2014-03,5.269B,715.12B,14.92B,274.51B,202.50B,7.729B,2.46B,23.22B,9.834B,219.66B,2.477T,19.19B,737.14B,512.72B,2.257T,1.618T,1.698T,9.834B,202.50B,73.12B
JPM,2013-12,1.199B,685.80B,57.85B,1.31,1.3,59.31B,2013-12,5.241B,722.15B,14.89B,376.31B,251.80B,8.261B,3.02B,23.92B,9.173B,211.18B,2.416T,15.26B,999.08B,490.82B,2.205T,1.635T,1.664T,9.173B,251.80B,65.16B
JPM,2013-09,390.00M,402.11B,84.18B,-0.17,-0.17,59.41B,2013-09,-380.00M,711.11B,14.88B,263.37B,212.28B,34.00M,414.00M,23.12B,9.269B,206.67B,2.463T,15.26B,771.08B,515.19B,2.257T,1.570T,1.693T,9.409B,212.28B,133.06B
JPM,2013-06,136.00M,340.53B,87.02B,1.61,1.6,59.34B,2013-06,6.496B,706.20B,14.57B,266.21B,211.43B,9.298B,2.802B,25.21B,9.958B,209.24B,2.439T,15.56B,674.60B,557.41B,2.230T,1.648T,1.618T,10.11B,211.43B,81.56B
JPM,2013-03,3.491B,303.16B,86.04B,1.61,1.59,58.10B,2013-03,6.529B,708.11B,14.54B,268.36B,193.09B,9.082B,2.553B,25.12B,10.34B,207.09B,2.389T,14.06B,666.32B,527.37B,2.182T,1.609T,1.597T,10.49B,193.09B,144.82B
JPM,2012-12,4.102B,546.68B,55.37B,1.4,1.39,58.02B,2012-12,5.692B,711.86B,14.52B,336.92B,265.90B,6.95B,1.258B,23.65B,9.049B,204.07B,2.359T,13.16B,903.91B,561.37B,2.155T,1.707T,1.531T,9.049B,265.90B,60.93B
JPM,2012-09,4.426B,157.69B,55.47B,1.41,1.4,57.90B,2012-09,5.708B,699.12B,14.27B,241.14B,203.04B,7.986B,2.278B,25.15B,9.422B,199.69B,2.321T,13.16B,502.67B,515.73B,2.122T,1.685T,1.526T,9.604B,277.87B,62.99B
JPM,2012-06,2.272B,175.25B,50.56B,1.22,1.21,58.06B,2012-06,4.96B,703.78B,14.21B,261.23B,207.13B,7.00B,2.04B,22.18B,9.351B,191.57B,2.290T,11.90B,498.38B,519.35B,2.099T,1.654T,1.524T,9.542B,199.77B,67.94B
JPM,2012-03,2.645B,170.41B,50.58B,1.2,1.19,59.28B,2012-03,4.924B,695.10B,14.21B,255.83B,204.15B,6.981B,2.057B,26.05B,10.56B,189.73B,2.320T,11.90B,475.73B,505.21B,2.131T,1.709T,1.530T,10.76B,0,64.83B
JPM,2011-12,944.00M,509.66B,73.54B,0.9,0.9,58.62B,2011-12,3.728B,696.11B,14.04B,323.49B,277.87B,4.747B,1.019B,21.47B,8.393B,183.57B,2.266T,11.90B,806.45B,564.94B,2.082T,1.682T,1.451T,8.60B,0,61.48B
JPM,2011-09,1.964B,185.64B,51.07B,1.02,1.02,59.41B,2011-09,4.262B,668.50B,13.81B,273.69B,199.77B,5.818B,1.556B,23.76B,9.082B,182.29B,2.289T,11.90B,505.76B,489.43B,2.107T,1.652T,1.522T,9.294B,0,72.08B
JPM,2011-06,1.638B,200.35B,81.37B,1.28,1.27,64.80B,2011-06,5.431B,661.22B,13.68B,279.23B,184.49B,8.127B,2.696B,26.78B,9.53B,182.88B,2.247T,11.90B,494.00B,519.98B,2.064T,1.631T,1.476T,9.742B,0,80.29B
