Ticker,Date,Accrued Comprehensive Inc,Cash and Short Term Investments,Cost of Goods Sold,Current Debt & Capital Lease Obligation,EPS Basic,EPS Diluted,Goodwill and Intangibles,Gross PP&E,Gross Profit,Income (Quarterly),Inventories,Net Income,Net Non-Operating Interest Income Expense,Net Operating Interest Income,Net PP&E,Non-Current Deferred Liabilities,Non-Current Portion of LTD and Capital Lease Obligation,Operating Income,Payables and Accrued Expenses,Pre-Tax Income,Provision for Income Taxes,Revenue,SG&A Expense,Shareholders Equity,Total Assets,Total Capital Stock,Total Current Assets,Total Current Liabilities,Total Liabilities,Total Long Term Assets,Total Long Term Liabilities,Total Operating Expenses,Total Payables,Total Receivables
K,2020-12,-1.732B,435.00M,2.279B,846.00M,0.6,0.59,8.29B,10.18B,1.185B,2020-12,1.284B,205.00M,-85.00M,-85.00M,4.371B,562.00M,7.266B,385.00M,3.683B,270.00M,55.00M,3.464B,800.00M,3.112B,18.00B,105.00M,3.482B,5.238B,14.36B,14.51B,9.122B,800.00M,2.529B,1.537B
K,2020-09,-1.757B,1.579B,2.228B,1.653B,1.02,1.01,8.278B,9.757B,1.201B,2020-09,1.263B,348.00M,-63.00M,-63.00M,4.141B,587.00M,7.523B,411.00M,3.601B,418.00M,65.00M,3.429B,790.00M,3.044B,18.92B,105.00M,4.753B,6.034B,15.34B,14.17B,9.302B,790.00M,2.478B,1.626B
K,2020-06,-1.717B,1.247B,2.268B,1.632B,1.02,1.02,8.254B,9.583B,1.197B,2020-06,1.23B,351.00M,-69.00M,-69.00M,4.098B,597.00M,7.461B,506.00M,3.486B,467.00M,109.00M,3.465B,691.00M,2.87B,18.55B,105.00M,4.492B,5.856B,15.14B,14.06B,9.289B,691.00M,2.539B,1.692B
K,2020-03,-1.727B,1.016B,2.268B,1.395B,1.01,1.01,8.275B,9.421B,1.144B,2020-03,1.189B,347.00M,-64.00M,-64.00M,4.036B,592.00M,7.637B,459.00M,3.285B,446.00M,94.00M,3.412B,685.00M,2.674B,18.24B,105.00M,4.29B,5.595B,15.03B,13.95B,9.433B,685.00M,2.428B,1.748B
K,2019-12,-1.448B,397.00M,2.135B,841.00M,0.43,0.42,8.437B,9.592B,1.088B,2019-12,1.226B,145.00M,-63.00M,-63.00M,4.153B,596.00M,7.628B,360.00M,3.36B,238.00M,84.00M,3.223B,728.00M,2.747B,17.56B,105.00M,3.431B,4.778B,14.25B,14.13B,9.472B,728.00M,2.429B,1.576B
K,2019-09,-1.483B,453.00M,2.372B,296.00M,0.73,0.72,8.414B,9.268B,1.00B,2019-09,1.20B,247.00M,-72.00M,-72.00M,3.957B,589.00M,8.049B,263.00M,3.534B,341.00M,91.00M,3.372B,737.00M,2.727B,17.50B,105.00M,3.492B,4.389B,14.21B,14.01B,9.822B,737.00M,2.632B,1.643B
K,2019-06,-1.469B,340.00M,2.275B,1.179B,0.84,0.84,8.458B,9.229B,1.186B,2019-06,1.234B,286.00M,-75.00M,-75.00M,3.941B,778.00M,8.583B,397.00M,3.257B,367.00M,74.00M,3.461B,789.00M,2.65B,18.67B,105.00M,3.504B,4.989B,15.46B,15.16B,10.47B,789.00M,2.411B,1.643B
K,2019-03,-1.467B,272.00M,2.415B,1.222B,0.82,0.82,9.403B,9.717B,1.107B,2019-03,1.319B,282.00M,-74.00M,-74.00M,4.171B,755.00M,8.522B,381.00M,3.186B,359.00M,72.00M,3.522B,726.00M,2.533B,18.46B,105.00M,3.373B,4.978B,15.37B,15.09B,10.39B,726.00M,2.399B,1.633B
K,2018-12,-1.50B,321.00M,2.228B,686.00M,-0.24,-0.24,9.411B,9.173B,1.089B,2018-12,1.33B,-84.00M,-74.00M,-74.00M,3.731B,730.00M,8.207B,326.00M,3.341B,-107.00M,-25.00M,3.317B,763.00M,2.601B,17.78B,105.00M,3.157B,4.529B,14.62B,14.62B,10.09B,763.00M,2.475B,1.375B
K,2018-09,-1.512B,309.00M,2.293B,208.00M,1.1,1.09,9.427B,9.134B,1.176B,2018-09,1.319B,380.00M,-72.00M,-72.00M,3.639B,752.00M,8.715B,396.00M,3.254B,454.00M,69.00M,3.469B,780.00M,3.048B,18.11B,105.00M,3.403B,4.03B,14.50B,14.71B,10.47B,780.00M,2.40B,1.612B
K,2018-06,-1.501B,257.00M,2.151B,331.00M,1.72,1.71,9.463B,9.063B,1.209B,2018-06,1.291B,596.00M,-72.00M,-72.00M,3.638B,714.00M,8.737B,474.00M,3.133B,471.00M,70.00M,3.36B,735.00M,2.838B,17.90B,105.00M,3.267B,3.966B,14.50B,14.63B,10.53B,735.00M,2.338B,1.53B
K,2018-03,-1.407B,370.00M,2.149B,877.00M,1.28,1.27,8.164B,9.471B,1.252B,2018-03,1.214B,444.00M,-69.00M,-69.00M,3.713B,357.00M,7.881B,510.00M,3.091B,511.00M,67.00M,3.401B,742.00M,2.538B,16.70B,105.00M,3.32B,4.515B,14.15B,13.38B,9.633B,742.00M,2.295B,1.601B
K,2017-12,-1.457B,281.00M,2.043B,779.00M,1.24,1.23,8.143B,9.366B,1.142B,2017-12,1.217B,417.00M,-68.00M,-68.00M,3.716B,355.00M,7.836B,389.00M,3.192B,579.00M,164.00M,3.185B,753.00M,2.178B,16.35B,105.00M,3.036B,4.522B,14.16B,13.32B,9.635B,753.00M,2.299B,1.389B
K,2017-09,-1.466B,267.00M,2.074B,982.00M,0.83,0.83,7.577B,9.265B,1.172B,2017-09,1.195B,288.00M,-64.00M,-64.00M,3.629B,411.00M,7.216B,333.00M,3.007B,386.00M,101.00M,3.246B,839.00M,1.927B,15.64B,105.00M,3.172B,4.647B,13.70B,12.47B,9.051B,839.00M,2.178B,1.512B
K,2017-06,-1.495B,334.00M,1.95B,1.135B,0.81,0.8,7.55B,9.143B,1.225B,2017-06,1.201B,283.00M,-63.00M,-63.00M,3.613B,401.00M,7.123B,385.00M,2.886B,385.00M,102.00M,3.175B,840.00M,1.834B,15.54B,105.00M,3.167B,4.688B,13.68B,12.37B,8.997B,840.00M,2.105B,1.427B
K,2017-03,-1.488B,298.00M,2.088B,1.261B,0.76,0.75,7.526B,8.973B,1.16B,2017-03,1.195B,266.00M,-61.00M,-61.00M,3.576B,456.00M,6.715B,280.00M,2.851B,307.00M,43.00M,3.248B,880.00M,2.006B,15.43B,105.00M,3.146B,4.732B,13.40B,12.28B,8.673B,880.00M,2.136B,1.464B
K,2016-12,-1.575B,280.00M,1.993B,1.069B,-0.15,-0.15,7.535B,8.849B,1.055B,2016-12,1.238B,-48.00M,-63.00M,-63.00M,3.569B,525.00M,6.698B,186.00M,2.815B,-27.00M,20.00M,3.048B,869.00M,1.91B,15.11B,105.00M,2.94B,4.474B,13.18B,12.17B,8.711B,869.00M,2.061B,1.231B
K,2016-09,-1.505B,346.00M,1.99B,1.592B,0.83,0.82,7.258B,8.914B,1.264B,2016-09,1.22B,292.00M,-58.00M,-58.00M,3.558B,459.00M,6.296B,410.00M,2.818B,355.00M,62.00M,3.254B,854.00M,2.185B,15.32B,105.00M,3.296B,5.001B,13.12B,12.02B,8.118B,854.00M,2.021B,1.523B
K,2016-06,-1.494B,531.00M,1.998B,1.924B,0.8,0.79,7.245B,8.853B,1.27B,2016-06,1.216B,280.00M,-68.00M,-68.00M,3.543B,477.00M,6.277B,449.00M,2.773B,385.00M,106.00M,3.268B,821.00M,1.99B,15.39B,105.00M,3.421B,5.271B,13.39B,11.97B,8.116B,821.00M,2.071B,1.473B
K,2016-03,-1.434B,310.00M,2.15B,1.982B,0.5,0.49,7.267B,8.88B,1.245B,2016-03,1.198B,175.00M,-217.00M,-217.00M,3.617B,447.00M,6.256B,438.00M,2.622B,221.00M,47.00M,3.395B,807.00M,2.031B,15.30B,105.00M,3.219B,5.162B,13.26B,12.08B,8.094B,807.00M,1.945B,1.505B
K,2015-12,-1.376B,251.00M,2.18B,2.47B,-0.12,-0.12,7.236B,8.857B,962.00M,2015-12,1.25B,-41.00M,-59.00M,-59.00M,3.621B,685.00M,5.275B,-39.00M,2.721B,-111.00M,-68.00M,3.142B,1.001B,2.128B,15.25B,105.00M,3.236B,5.739B,13.11B,12.02B,7.374B,1.001B,1.949B,1.344B
K,2015-09,-1.322B,299.00M,2.096B,2.119B,0.58,0.58,7.269B,9.129B,1.233B,2015-09,1.21B,205.00M,-56.00M,-56.00M,3.594B,765.00M,5.83B,334.00M,2.427B,272.00M,66.00M,3.329B,899.00M,2.663B,15.52B,105.00M,3.353B,5.072B,12.84B,12.16B,7.773B,899.00M,1.635B,1.457B
K,2015-06,-1.281B,294.00M,2.257B,1.693B,0.63,0.63,7.244B,9.209B,1.241B,2015-06,1.211B,223.00M,-58.00M,-58.00M,3.624B,747.00M,5.80B,412.00M,2.321B,308.00M,85.00M,3.498B,829.00M,2.652B,14.96B,105.00M,3.326B,4.519B,12.29B,11.64B,7.769B,829.00M,1.606B,1.42B
K,2015-03,-1.291B,349.00M,2.311B,1.169B,0.64,0.64,7.275B,9.185B,1.245B,2015-03,1.199B,227.00M,-54.00M,-54.00M,3.719B,764.00M,6.561B,384.00M,2.288B,304.00M,76.00M,3.556B,861.00M,2.546B,15.21B,105.00M,3.441B,4.00B,12.56B,11.77B,8.556B,861.00M,1.609B,1.503B
K,2014-12,-1.213B,443.00M,2.658B,1.435B,-0.82,-0.82,7.266B,9.295B,856.00M,2014-12,1.279B,-293.00M,-53.00M,-53.00M,3.769B,726.00M,5.935B,-422.00M,2.333B,-479.00M,-187.00M,3.514B,1.278B,2.789B,15.15B,105.00M,3.34B,4.364B,12.30B,11.81B,7.938B,1.278B,1.567B,1.276B
K,2014-09,-1.016B,426.00M,2.347B,1.686B,0.63,0.62,7.348B,9.507B,1.292B,2014-09,1.208B,224.00M,-54.00M,-54.00M,3.79B,943.00M,5.963B,365.00M,2.312B,312.00M,86.00M,3.639B,927.00M,3.383B,15.77B,105.00M,3.572B,4.662B,12.33B,12.20B,7.665B,927.00M,1.522B,1.565B
K,2014-06,-928.00M,290.00M,2.274B,1.465B,0.82,0.82,7.416B,9.598B,1.411B,2014-06,1.303B,295.00M,-50.00M,-50.00M,3.879B,917.00M,6.029B,467.00M,2.275B,420.00M,122.00M,3.685B,944.00M,3.752B,15.81B,105.00M,3.491B,4.295B,12.00B,12.32B,7.705B,944.00M,1.501B,1.544B
K,2014-03,-939.00M,284.00M,2.238B,2.252B,1.13,1.12,7.418B,9.44B,1.504B,2014-03,1.277B,406.00M,-52.00M,-52.00M,3.851B,915.00M,5.413B,614.00M,2.226B,572.00M,165.00M,3.742B,890.00M,3.511B,15.73B,105.00M,3.504B,5.073B,12.16B,12.22B,7.083B,890.00M,1.49B,1.605B
K,2013-12,-936.00M,273.00M,1.718B,1.028B,2.26,2.24,7.418B,9.357B,1.783B,2013-12,1.248B,818.00M,-58.00M,-58.00M,3.856B,928.00M,6.33B,1.26B,2.304B,1.214B,394.00M,3.501B,523.00M,3.545B,15.47B,105.00M,3.267B,3.835B,11.87B,12.21B,8.032B,523.00M,1.501B,1.424B
K,2013-09,-963.00M,300.00M,2.266B,1.054B,0.9,0.9,7.416B,9.164B,1.45B,2013-09,1.312B,326.00M,-56.00M,-56.00M,3.777B,560.00M,6.348B,504.00M,2.243B,452.00M,124.00M,3.716B,946.00M,2.835B,15.22B,105.00M,3.434B,3.834B,12.32B,11.79B,8.49B,946.00M,1.474B,1.474B
K,2013-06,-1.023B,262.00M,2.237B,1.429B,0.96,0.96,7.366B,8.965B,1.477B,2013-06,1.274B,352.00M,-61.00M,-61.00M,3.719B,569.00M,6.337B,570.00M,2.096B,504.00M,150.00M,3.714B,907.00M,2.558B,15.08B,105.00M,3.407B,3.969B,12.46B,11.67B,8.488B,907.00M,1.395B,1.512B
K,2013-03,-947.00M,252.00M,2.468B,839.00M,0.86,0.85,7.404B,8.972B,1.393B,2013-03,1.284B,311.00M,-60.00M,-60.00M,3.745B,563.00M,6.717B,503.00M,2.194B,436.00M,124.00M,3.861B,890.00M,2.781B,15.22B,105.00M,3.462B,3.568B,12.38B,11.76B,8.814B,890.00M,1.534B,1.588B
K,2012-12,-946.00M,281.00M,2.387B,1.82B,-0.09,-0.09,7.397B,8.991B,1.176B,2012-12,1.365B,-32.00M,-66.00M,-66.00M,3.782B,523.00M,6.082B,3.00M,2.231B,-69.00M,-37.00M,3.563B,1.173B,2.404B,15.17B,105.00M,3.38B,4.523B,12.70B,11.79B,8.181B,1.173B,1.448B,1.454B
K,2012-09,-2.323B,305.00M,2.254B,1.872B,0.89,0.89,7.28B,8.731B,1.466B,2012-09,1.279B,318.00M,-73.00M,-73.00M,3.599B,643.00M,6.065B,513.00M,2.137B,450.00M,131.00M,3.72B,953.00M,2.436B,14.85B,105.00M,3.306B,4.514B,12.42B,11.55B,7.902B,953.00M,1.354B,1.414B
K,2012-06,-2.438B,230.00M,2.035B,2.257B,0.91,0.9,7.237B,8.537B,1.439B,2012-06,1.235B,324.00M,-89.00M,-89.00M,3.561B,644.00M,6.03B,519.00M,1.932B,437.00M,113.00M,3.474B,920.00M,2.151B,14.64B,105.00M,3.211B,4.606B,12.49B,11.43B,7.881B,920.00M,1.231B,1.42B
K,2012-03,-2.348B,404.00M,2.087B,1.584B,0.98,0.98,5.082B,8.262B,1.353B,2012-03,1.144B,351.00M,-33.00M,-33.00M,3.295B,648.00M,4.254B,527.00M,1.999B,507.00M,156.00M,3.44B,826.00M,2.062B,12.13B,105.00M,3.192B,4.011B,10.07B,8.942B,6.059B,826.00M,1.366B,1.304B
K,2011-12,-1.006B,460.00M,2.077B,995.00M,0.65,0.64,5.077B,8.128B,938.00M,2011-12,1.174B,-133.00M,-55.00M,-55.00M,3.281B,643.00M,5.037B,-152.00M,1.907B,-207.00M,-74.00M,3.015B,1.09B,1.796B,11.94B,105.00M,3.069B,3.313B,10.14B,8.874B,6.832B,1.09B,1.255B,1.188B
K,2011-09,-1.926B,582.00M,1.962B,737.00M,0.81,0.8,5.077B,8.051B,1.35B,2011-09,1.013B,290.00M,-58.00M,-58.00M,3.193B,790.00M,5.30B,464.00M,1.664B,397.00M,107.00M,3.312B,886.00M,2.283B,12.26B,105.00M,3.178B,3.101B,9.978B,9.085B,6.877B,886.00M,1.218B,1.302B
K,2011-06,-1.765B,457.00M,1.943B,734.00M,0.94,0.94,5.087B,8.154B,1.443B,2011-06,1.017B,343.00M,-53.00M,-53.00M,3.246B,768.00M,5.308B,543.00M,1.675B,489.00M,147.00M,3.386B,900.00M,2.474B,12.36B,105.00M,3.136B,3.026B,9.888B,9.22B,6.862B,900.00M,1.239B,1.364B
K,2011-03,-1.789B,404.00M,2.064B,1.078B,1,1,5.086B,7.999B,1.421B,2011-03,975.00M,366.00M,-67.00M,-67.00M,3.183B,0,4.905B,572.00M,1.753B,505.00M,140.00M,3.485B,849.00M,2.309B,12.19B,105.00M,3.051B,3.418B,9.884B,9.137B,6.466B,849.00M,1.291B,1.367B
