Ticker,Date,Accrued Comprehensive Inc,Cash and Short Term Investments,Cost of Goods Sold,Current Debt & Capital Lease Obligation,Current Deferred Liabilities,EPS Basic,EPS Diluted,Goodwill and Intangibles,Gross PP&E,Gross Profit,Income (Quarterly),Inventories,Net Income,Net Non-Operating Interest Income Expense,Net Operating Interest Income,Net PP&E,Non-Current Deferred Liabilities,Non-Current Portion of LTD and Capital Lease Obligation,Operating Income,Payables and Accrued Expenses,Pre-Tax Income,Provision for Income Taxes,Revenue,SG&A Expense,Shareholders Equity,Total Assets,Total Capital Stock,Total Current Assets,Total Current Liabilities,Total Liabilities,Total Long Term Assets,Total Long Term Liabilities,Total Operating Expenses,Total Payables,Total Receivables
KO,2021-03,-14.13B,12.59B,3.505B,4.813B,0,0.52,0.52,28.79B,19.70B,5.515B,2021-03,3.356B,2.245B,-376.00M,-376.00M,10.67B,2.447B,40.17B,2.722B,11.67B,2.763B,508.00M,9.02B,2.669B,20.36B,89.99B,1.76B,21.93B,16.49B,67.66B,68.06B,51.18B,2.793B,11.67B,3.762B
KO,2020-12,-14.60B,10.91B,3.578B,2.668B,0,0.34,0.34,28.55B,19.54B,5.033B,2020-12,3.266B,1.456B,-234.00M,-234.00M,10.78B,1.833B,40.12B,3.165B,11.32B,2.361B,887.00M,8.611B,2.589B,19.30B,87.30B,1.76B,19.24B,14.60B,66.01B,68.06B,51.41B,1.868B,5.885B,3.144B
KO,2020-09,-15.45B,21.13B,3.471B,13.36B,0,0.4,0.4,27.92B,19.23B,5.181B,2020-09,3.264B,1.737B,-578.00M,-578.00M,10.67B,1.945B,39.50B,2.298B,13.53B,2.181B,441.00M,8.652B,2.511B,18.61B,97.18B,1.76B,30.41B,26.89B,76.87B,66.77B,49.98B,2.883B,13.53B,3.827B
KO,2020-06,-16.46B,19.82B,3.013B,14.60B,0,0.41,0.41,27.45B,19.28B,4.137B,2020-06,3.501B,1.779B,-174.00M,-174.00M,10.70B,1.969B,37.73B,1.981B,12.24B,2.197B,438.00M,7.15B,1.983B,17.48B,94.69B,1.76B,29.37B,26.85B,75.50B,65.32B,48.65B,2.156B,12.24B,3.849B
KO,2020-03,-15.70B,17.67B,3.371B,19.30B,0,0.65,0.64,27.84B,18.92B,5.23B,2020-03,3.558B,2.775B,-81.00M,-81.00M,10.99B,1.856B,31.09B,2.38B,13.10B,3.01B,215.00M,8.601B,2.648B,18.16B,94.01B,1.76B,28.23B,32.40B,74.18B,65.78B,41.78B,2.85B,13.10B,4.43B
KO,2019-12,-13.54B,11.18B,3.566B,15.25B,0,0.48,0.47,26.77B,19.79B,5.502B,2019-12,3.379B,2.042B,-100.00M,-100.00M,10.84B,2.284B,27.52B,2.611B,10.70B,2.42B,355.00M,9.068B,3.224B,18.98B,86.38B,1.76B,20.41B,26.97B,65.28B,65.97B,38.31B,2.891B,5.639B,3.971B
KO,2019-09,-13.71B,12.99B,3.767B,11.72B,0,0.61,0.6,26.33B,19.81B,5.74B,2019-09,3.266B,2.593B,-77.00M,-77.00M,11.53B,2.581B,32.09B,2.499B,13.38B,3.092B,503.00M,9.507B,3.116B,18.71B,87.43B,1.76B,23.12B,25.10B,66.75B,64.32B,41.65B,3.241B,13.38B,4.353B
KO,2019-06,-12.98B,13.36B,3.921B,16.06B,0,0.61,0.61,26.92B,18.14B,6.076B,2019-06,3.453B,2.607B,-94.00M,-94.00M,11.58B,2.687B,30.37B,2.988B,13.32B,3.049B,421.00M,9.997B,2.996B,18.18B,90.00B,1.76B,24.36B,29.38B,69.70B,65.64B,40.32B,3.088B,13.32B,4.888B
KO,2019-03,-12.32B,11.95B,3.365B,15.12B,0,0.39,0.39,22.74B,17.61B,5.329B,2019-03,3.178B,1.678B,-112.00M,-112.00M,10.11B,2.602B,30.42B,2.435B,10.99B,2.225B,522.00M,8.694B,2.767B,17.74B,88.35B,1.76B,28.54B,27.94B,68.54B,59.81B,40.60B,2.894B,10.99B,3.852B
KO,2018-12,-12.81B,16.12B,3.102B,18.84B,0,0.2,0.2,21.59B,0,4.704B,2018-12,3.071B,870.00M,-74.00M,-74.00M,9.598B,2.354B,25.38B,2.906B,9.026B,965.00M,38.00M,7.806B,2.716B,16.98B,83.22B,1.76B,24.93B,28.78B,64.16B,58.29B,35.38B,1.798B,3.492B,3.685B
KO,2018-09,-12.07B,18.85B,3.346B,19.31B,692.00M,0.44,0.44,16.86B,15.42B,5.429B,2018-09,2.627B,1.88B,-43.00M,-43.00M,7.404B,2.50B,25.52B,2.614B,10.63B,2.373B,555.00M,8.775B,2.66B,18.26B,86.88B,1.76B,33.41B,31.43B,66.70B,53.46B,35.27B,2.815B,10.63B,3.702B
KO,2018-06,-11.77B,19.35B,3.543B,18.74B,0,0.54,0.54,16.86B,15.97B,5.878B,2018-06,2.881B,2.316B,-74.00M,-74.00M,7.688B,2.589B,28.06B,2.766B,11.20B,2.942B,611.00M,9.421B,2.887B,18.32B,89.59B,1.76B,36.02B,31.40B,69.42B,53.57B,38.02B,3.112B,11.20B,4.565B
KO,2018-03,-10.04B,21.37B,2.738B,19.16B,0,0.32,0.32,17.02B,16.35B,4.888B,2018-03,2.937B,1.368B,-65.00M,-65.00M,7.977B,2.314B,29.79B,1.811B,10.80B,1.833B,506.00M,7.626B,2.541B,19.61B,93.28B,1.76B,38.04B,31.48B,71.66B,55.24B,40.18B,3.077B,10.80B,3.904B
KO,2017-12,-10.30B,20.68B,3.155B,16.50B,0,-0.65,-0.65,16.64B,16.45B,5.159B,2017-12,2.655B,-2.752B,-38.00M,-38.00M,8.203B,2.522B,31.18B,3.406B,8.304B,1.085B,3.802B,8.314B,3.057B,17.07B,87.90B,1.76B,36.54B,27.19B,68.92B,51.35B,41.72B,1.753B,3.045B,3.667B
KO,2017-09,-9.843B,27.36B,3.394B,16.63B,0,0.34,0.33,16.56B,16.73B,5.684B,2017-09,2.608B,1.447B,-33.00M,-33.00M,8.306B,4.313B,32.47B,2.245B,10.57B,1.674B,230.00M,9.078B,3.245B,22.12B,90.52B,1.76B,38.40B,27.63B,68.36B,52.11B,40.73B,3.439B,10.57B,3.664B
KO,2017-06,-10.49B,27.22B,3.659B,17.83B,0,0.32,0.32,17.19B,19.11B,6.043B,2017-06,2.79B,1.371B,-66.00M,-66.00M,8.672B,4.33B,31.80B,2.037B,10.71B,2.624B,1.252B,9.702B,3.18B,22.00B,91.15B,1.76B,38.96B,28.83B,69.06B,52.18B,40.23B,4.006B,10.71B,4.024B
KO,2017-03,-10.21B,25.20B,3.513B,15.91B,0,0.28,0.27,18.77B,20.04B,5.605B,2017-03,2.885B,1.182B,-37.00M,-37.00M,9.746B,3.899B,31.54B,1.963B,10.52B,1.507B,323.00M,9.118B,3.352B,22.88B,91.20B,1.76B,40.25B,28.66B,68.13B,50.95B,39.48B,3.642B,10.52B,3.702B
KO,2016-12,-11.20B,22.20B,3.794B,16.02B,0,0.13,0.13,21.13B,21.26B,5.615B,2016-12,2.675B,550.00M,-78.00M,-78.00M,10.64B,3.753B,29.68B,2.724B,8.248B,515.00M,-32.00M,9.409B,3.688B,23.06B,87.27B,1.76B,34.01B,26.53B,64.05B,53.26B,37.52B,2.891B,3.361B,3.856B
KO,2016-09,-10.21B,25.57B,4.131B,15.56B,0,0.24,0.24,22.25B,21.29B,6.502B,2016-09,2.751B,1.046B,-18.00M,-18.00M,11.17B,4.243B,31.66B,2.271B,11.55B,1.428B,378.00M,10.63B,4.009B,26.08B,93.93B,1.76B,37.96B,27.79B,67.68B,55.97B,39.89B,4.231B,11.55B,4.082B
KO,2016-06,-10.15B,24.08B,4.471B,18.80B,0,0.8,0.79,23.69B,23.13B,7.068B,2016-06,3.005B,3.448B,2.00M,2.00M,12.66B,4.497B,29.25B,2.859B,10.61B,4.299B,839.00M,11.54B,3.912B,26.64B,94.09B,1.76B,35.87B,29.54B,67.26B,58.22B,37.71B,4.209B,10.61B,4.768B
KO,2016-03,-10.79B,22.21B,4.069B,19.84B,743.00M,0.34,0.34,24.03B,22.98B,6.213B,2016-03,3.052B,1.483B,3.00M,3.00M,12.61B,4.337B,26.99B,2.141B,9.901B,1.894B,401.00M,10.28B,3.761B,24.91B,91.26B,1.76B,36.51B,30.99B,66.13B,54.75B,35.15B,4.072B,9.901B,4.147B
KO,2015-12,-10.17B,19.90B,4.054B,15.80B,0,0.29,0.28,24.13B,22.35B,5.946B,2015-12,2.902B,1.237B,11.00M,11.00M,12.57B,4.691B,28.31B,3.13B,8.312B,1.538B,302.00M,10.00B,3.937B,25.55B,90.00B,1.76B,33.40B,26.93B,64.23B,56.60B,37.30B,2.816B,3.57B,3.941B
KO,2015-09,-10.81B,22.77B,4.577B,20.24B,0,0.33,0.33,24.42B,22.64B,6.85B,2015-09,2.91B,1.449B,17.00M,17.00M,12.62B,5.053B,25.95B,2.379B,10.26B,1.725B,272.00M,11.43B,4.207B,26.05B,93.01B,1.76B,36.59B,31.54B,66.74B,56.41B,35.20B,4.471B,10.26B,4.028B
KO,2015-06,-8.736B,20.95B,4.748B,18.34B,0,0.71,0.71,26.08B,25.29B,7.408B,2015-06,3.224B,3.108B,21.00M,21.00M,14.36B,5.785B,25.98B,2.535B,10.43B,4.361B,1.25B,12.16B,4.204B,28.42B,93.54B,1.76B,32.80B,28.85B,64.90B,60.74B,36.04B,4.873B,10.43B,4.976B
KO,2015-03,-7.069B,20.05B,4.103B,16.42B,0,0.36,0.35,26.05B,24.98B,6.608B,2015-03,3.219B,1.557B,-292.00M,-292.00M,14.35B,5.432B,26.09B,2.296B,9.542B,1.981B,415.00M,10.71B,4.079B,28.84B,91.02B,1.76B,32.12B,26.12B,61.94B,58.90B,35.82B,4.312B,9.542B,4.461B
KO,2014-12,-5.777B,21.68B,4.357B,22.68B,0,0.18,0.17,26.37B,25.26B,6.515B,2014-12,3.10B,770.00M,19.00M,19.00M,14.63B,5.636B,19.06B,1.451B,8.637B,1.076B,305.00M,10.87B,4.338B,30.32B,92.02B,1.76B,32.99B,32.37B,61.46B,59.04B,29.09B,5.064B,3.00B,4.466B
KO,2014-09,-3.843B,23.71B,4.63B,21.70B,0,0.48,0.48,26.96B,25.54B,7.346B,2014-09,3.277B,2.114B,56.00M,56.00M,14.74B,6.391B,20.11B,2.711B,11.04B,2.66B,538.00M,11.98B,4.507B,33.43B,96.31B,1.76B,35.45B,32.76B,62.64B,60.86B,29.88B,4.635B,11.04B,5.081B
KO,2014-06,-2.986B,21.61B,4.819B,21.60B,0,0.59,0.58,27.44B,25.53B,7.755B,2014-06,3.536B,2.595B,37.00M,37.00M,14.92B,6.469B,18.64B,3.17B,11.03B,3.384B,779.00M,12.57B,4.384B,34.07B,95.49B,1.76B,33.87B,32.63B,61.19B,61.62B,28.56B,4.585B,11.03B,5.87B
KO,2014-03,-3.594B,19.43B,4.083B,19.80B,0,0.37,0.36,27.60B,25.26B,6.493B,2014-03,3.357B,1.619B,-1.00M,-1.00M,14.86B,6.257B,18.64B,2.504B,10.26B,2.205B,579.00M,10.58B,3.989B,32.65B,91.29B,1.76B,31.05B,30.06B,58.37B,60.24B,28.31B,3.989B,10.26B,5.233B
KO,2013-12,-3.432B,20.27B,4.315B,17.92B,0,0.39,0.38,27.61B,25.03B,6.725B,2013-12,3.277B,1.71B,4.00M,4.00M,14.97B,6.152B,19.15B,2.105B,8.953B,2.228B,520.00M,11.04B,4.319B,33.17B,90.06B,1.76B,31.30B,27.81B,56.62B,58.75B,28.80B,4.62B,2.692B,4.873B
KO,2013-09,-4.699B,20.46B,4.793B,22.03B,0,0.55,0.54,27.50B,24.40B,7.237B,2013-09,3.321B,2.447B,46.00M,46.00M,14.55B,5.307B,14.17B,2.472B,11.01B,3.38B,925.00M,12.03B,4.424B,32.13B,89.43B,1.76B,31.58B,33.04B,56.97B,57.86B,23.92B,4.765B,11.01B,5.116B
KO,2013-06,-4.083B,19.21B,4.989B,21.51B,0,0.6,0.59,27.71B,24.15B,7.76B,2013-06,3.643B,2.676B,7.00M,7.00M,14.55B,5.298B,14.18B,3.243B,10.49B,3.525B,831.00M,12.75B,4.385B,32.22B,89.51B,1.76B,32.57B,32.47B,56.88B,56.94B,24.41B,4.517B,10.49B,5.516B
KO,2013-03,-3.211B,18.43B,4.324B,20.83B,0,0.39,0.39,27.39B,23.94B,6.711B,2013-03,3.607B,1.751B,14.00M,14.00M,14.54B,5.214B,14.29B,2.408B,9.829B,2.344B,575.00M,11.04B,4.182B,32.48B,88.45B,1.76B,31.52B,31.10B,55.56B,56.93B,24.45B,4.303B,9.829B,5.007B
KO,2012-12,-3.385B,16.55B,4.628B,17.87B,0,0.42,0.41,27.34B,23.49B,6.827B,2012-12,3.264B,1.866B,31.00M,31.00M,14.48B,4.981B,14.74B,2.183B,8.106B,2.377B,487.00M,11.46B,4.43B,32.79B,86.17B,1.76B,30.33B,27.82B,53.01B,55.85B,25.18B,4.644B,2.829B,4.759B
KO,2012-09,-2.941B,18.08B,4.853B,16.55B,0,0.51,0.5,27.78B,24.52B,7.487B,2012-09,3.447B,2.311B,16.00M,16.00M,15.39B,5.197B,16.18B,2.793B,10.46B,3.084B,755.00M,12.34B,4.63B,33.21B,86.65B,1.76B,29.71B,27.01B,53.06B,56.94B,26.06B,4.694B,10.46B,5.083B
KO,2012-06,-3.369B,16.97B,5.224B,16.09B,0,0.62,0.61,27.75B,23.92B,7.861B,2012-06,3.587B,2.788B,0,0,15.17B,4.99B,16.39B,3.294B,10.39B,3.623B,823.00M,13.08B,4.497B,32.27B,85.15B,880.00M,29.32B,26.48B,52.52B,55.82B,26.04B,4.567B,10.39B,5.397B
KO,2012-03,-1.775B,15.78B,4.348B,14.76B,0,0.45,0.45,27.89B,23.96B,6.789B,2012-03,3.442B,2.054B,27.00M,27.00M,15.30B,4.819B,16.35B,2.509B,10.08B,2.725B,658.00M,11.14B,4.181B,32.82B,83.90B,880.00M,28.02B,24.85B,50.68B,55.87B,25.83B,4.28B,10.08B,4.814B
KO,2011-12,-2.774B,14.04B,4.403B,14.91B,0,0.37,0.36,27.67B,23.15B,6.637B,2011-12,3.092B,1.657B,23.00M,23.00M,14.94B,4.694B,13.66B,1.956B,8.323B,2.216B,539.00M,11.04B,4.406B,31.64B,79.97B,1.76B,25.50B,24.28B,48.05B,54.48B,23.77B,4.681B,2.939B,4.92B
KO,2011-09,-1.174B,16.50B,4.875B,15.48B,0,0.49,0.48,27.48B,22.64B,7.373B,2011-09,3.172B,2.224B,25.00M,25.00M,14.52B,4.561B,13.71B,2.754B,10.10B,2.927B,681.00M,12.25B,4.523B,33.21B,81.75B,880.00M,28.19B,25.58B,48.25B,53.56B,22.67B,4.619B,10.10B,5.131B
KO,2011-06,287.00M,14.02B,4.989B,14.81B,0,0.61,0.6,27.46B,22.93B,7.748B,2011-06,3.237B,2.80B,37.00M,37.00M,14.93B,4.706B,11.37B,3.179B,9.382B,3.799B,992.00M,12.74B,4.417B,35.14B,80.09B,880.00M,26.54B,24.19B,44.67B,53.55B,20.47B,4.569B,9.382B,5.63B
