Ticker,Date,Accrued Comprehensive Inc,Cash and Short Term Investments,Current Debt & Capital Lease Obligation,Current Deferred Liabilities,EPS Basic,EPS Diluted,Goodwill and Intangibles,Income (Quarterly),Net Income,Net Loan Assets,Net Non-Operating Interest Income Expense,Net Operating Interest Income,Net PP&E,Non-Current Deferred Liabilities,Non-Current Portion of LTD and Capital Lease Obligation,Payables and Accrued Expenses,Pre-Tax Income,Provision for Income Taxes,Revenue,SG&A Expense,Shareholders Equity,Total Assets,Total Capital Stock,Total Current Assets,Total Current Liabilities,Total Liabilities,Total Long Term Assets,Total Long Term Liabilities,Total Operating Expenses,Total Payables,Total Receivables
L,2020-12,581.00M,49.76B,37.00M,0,1.38,1.38,1.395B,2020-12,397.00M,1.165B,-111.00M,-111.00M,10.45B,5.088B,10.07B,92.00M,548.00M,111.00M,4.819B,0,17.86B,80.24B,3.00M,57.21B,129.00M,61.06B,68.15B,42.98B,1.199B,92.00M,7.452B
L,2020-09,238.00M,49.33B,35.00M,0,0.5,0.5,765.00M,2020-09,139.00M,1.176B,-137.00M,-137.00M,10.47B,4.864B,10.37B,466.00M,183.00M,21.00M,3.394B,0,17.37B,79.46B,3.00M,57.18B,501.00M,60.84B,67.03B,42.79B,1.169B,466.00M,7.85B
L,2020-06,5.00M,47.98B,47.00M,0,-2.96,-2.96,764.00M,2020-06,-835.00M,1.125B,-123.00M,-123.00M,10.48B,4.727B,9.958B,985.00M,-1.074B,-228.00M,3.521B,0,17.20B,78.44B,3.00M,56.41B,1.032B,60.03B,65.72B,41.95B,66.00M,985.00M,8.431B
L,2020-03,-1.093B,44.73B,2.46B,0,-2.2,-2.2,763.00M,2020-03,-632.00M,1.101B,-144.00M,-144.00M,14.75B,4.706B,9.508B,249.00M,-1.121B,-77.00M,3.099B,0,16.97B,79.25B,3.00M,52.86B,2.709B,60.08B,66.59B,40.83B,2.307B,249.00M,8.136B
L,2019-12,-68.00M,47.15B,77.00M,0,0.74,0.73,1.414B,2019-12,217.00M,1.072B,-142.00M,-142.00M,15.57B,4.947B,11.46B,108.00M,276.00M,65.00M,3.812B,0,19.12B,82.24B,3.00M,54.43B,185.00M,60.31B,70.73B,42.71B,1.617B,108.00M,7.28B
L,2019-09,17.00M,47.47B,87.00M,0,0.24,0.24,772.00M,2019-09,72.00M,995.00M,-144.00M,-144.00M,15.56B,4.848B,11.40B,242.00M,60.00M,21.00M,3.659B,0,19.42B,82.50B,3.00M,55.09B,329.00M,60.24B,71.00B,42.45B,1.512B,242.00M,7.622B
L,2019-06,3.00M,46.77B,87.00M,0,0.82,0.82,768.00M,2019-06,249.00M,985.00M,-164.00M,-164.00M,15.51B,4.822B,11.46B,576.00M,275.00M,50.00M,3.623B,0,19.51B,82.28B,3.00M,54.91B,663.00M,59.88B,70.33B,42.66B,1.494B,576.00M,8.144B
L,2019-03,-390.00M,45.43B,132.00M,0,1.27,1.27,682.00M,2019-03,394.00M,933.00M,-141.00M,-141.00M,15.41B,4.556B,11.23B,307.00M,508.00M,112.00M,3.757B,0,19.04B,80.45B,3.00M,53.44B,439.00M,58.55B,68.86B,42.04B,1.409B,307.00M,8.012B
L,2018-12,-880.00M,43.82B,17.00M,0,-0.51,-0.51,1.276B,2018-12,-165.00M,901.00M,-144.00M,-144.00M,15.51B,4.243B,11.36B,42.00M,-232.00M,-21.00M,3.265B,0,18.52B,78.32B,3.00M,51.38B,59.00M,56.93B,66.80B,41.77B,1.438B,42.00M,7.566B
L,2018-09,-758.00M,43.99B,149.00M,0,0.88,0.88,657.00M,2018-09,278.00M,983.00M,-146.00M,-146.00M,15.47B,911.00M,11.31B,217.00M,354.00M,65.00M,3.608B,0,18.95B,78.72B,3.00M,51.83B,366.00M,56.84B,69.66B,38.12B,1.459B,217.00M,7.836B
L,2018-06,-625.00M,44.67B,181.00M,0,0.72,0.72,658.00M,2018-06,230.00M,976.00M,-143.00M,-143.00M,15.47B,879.00M,11.29B,311.00M,307.00M,59.00M,3.59B,0,18.91B,80.73B,3.00M,52.88B,492.00M,58.87B,71.39B,38.57B,1.454B,311.00M,8.217B
L,2018-03,-417.00M,45.07B,213.00M,0,0.89,0.89,661.00M,2018-03,293.00M,974.00M,-141.00M,-141.00M,15.46B,734.00M,11.26B,280.00M,405.00M,25.00M,3.581B,0,18.53B,80.79B,3.00M,52.96B,493.00M,56.94B,71.78B,38.31B,1.40B,280.00M,7.893B
L,2017-12,-26.00M,46.60B,280.00M,0,1.43,1.43,1.297B,2017-12,481.00M,945.00M,-142.00M,-142.00M,15.43B,1.721B,11.25B,60.00M,461.00M,-70.00M,3.555B,0,19.20B,79.59B,3.00M,53.80B,340.00M,55.02B,70.66B,39.01B,1.388B,60.00M,7.20B
L,2017-09,32.00M,47.49B,194.00M,0,0.46,0.46,648.00M,2017-09,157.00M,825.00M,-223.00M,-223.00M,15.48B,905.00M,11.24B,324.00M,264.00M,52.00M,3.521B,0,19.02B,79.53B,3.00M,55.28B,518.00M,55.17B,70.68B,38.41B,1.245B,324.00M,7.792B
L,2017-06,-36.00M,47.02B,192.00M,0,0.69,0.69,647.00M,2017-06,231.00M,748.00M,-139.00M,-139.00M,15.45B,852.00M,11.09B,478.00M,347.00M,69.00M,3.359B,0,18.82B,79.10B,3.00M,54.99B,670.00M,55.00B,70.12B,38.23B,1.281B,478.00M,7.977B
L,2017-03,-149.00M,46.38B,156.00M,0,0.88,0.87,346.00M,2017-03,295.00M,708.00M,-142.00M,-142.00M,15.16B,785.00M,10.53B,302.00M,510.00M,119.00M,3.30B,0,18.49B,77.11B,3.00M,54.17B,458.00M,53.38B,68.29B,37.49B,1.05B,302.00M,7.783B
L,2016-12,-223.00M,45.98B,110.00M,0,0.85,0.85,488.00M,2016-12,290.00M,683.00M,-133.00M,-133.00M,15.23B,636.00M,10.67B,150.00M,461.00M,49.00M,3.338B,0,18.16B,76.59B,3.00M,53.22B,260.00M,53.23B,68.02B,37.41B,1.101B,150.00M,7.234B
L,2016-09,144.00M,47.56B,185.00M,0,0.97,0.97,347.00M,2016-09,327.00M,719.00M,-130.00M,-130.00M,15.20B,735.00M,10.74B,451.00M,556.00M,163.00M,3.287B,0,18.27B,78.51B,3.00M,55.41B,636.00M,55.10B,69.69B,38.01B,1.085B,451.00M,7.853B
L,2016-06,119.00M,47.53B,330.00M,0,-0.19,-0.19,348.00M,2016-06,-65.00M,696.00M,-130.00M,-130.00M,15.13B,604.00M,10.74B,1.31B,-276.00M,12.00M,3.307B,0,17.94B,79.18B,3.00M,56.14B,1.64B,56.15B,69.60B,38.18B,1.809B,1.31B,8.616B
L,2016-03,-126.00M,45.84B,3.00M,0,0.3,0.3,350.00M,2016-03,102.00M,822.00M,-143.00M,-143.00M,15.35B,540.00M,10.58B,630.00M,195.00M,-4.00M,3.173B,0,17.83B,77.22B,3.00M,54.06B,633.00M,54.10B,68.07B,37.95B,1.12B,630.00M,8.227B
L,2015-12,-357.00M,44.83B,1.04B,0,-0.5914,-0.5914,351.00M,2015-12,-201.00M,824.00M,-127.00M,-127.00M,15.48B,382.00M,9.52B,567.00M,-504.00M,-213.00M,3.333B,0,17.56B,76.01B,3.00M,52.46B,1.607B,53.20B,66.93B,36.24B,1.73B,567.00M,7.633B
L,2015-09,-23.00M,45.62B,1.278B,0,0.5,0.5,352.00M,2015-09,182.00M,787.00M,-128.00M,-128.00M,15.90B,796.00M,9.492B,733.00M,348.00M,66.00M,3.169B,0,18.74B,77.53B,4.00M,53.70B,2.011B,53.38B,68.52B,36.86B,1.174B,733.00M,8.079B
L,2015-06,53.00M,45.96B,1.061B,0,0.46,0.46,373.00M,2015-06,170.00M,768.00M,-134.00M,-134.00M,15.92B,773.00M,9.791B,741.00M,295.00M,48.00M,3.435B,0,18.98B,78.02B,4.00M,54.05B,1.802B,53.68B,69.05B,37.57B,1.223B,741.00M,8.097B
L,2015-03,298.00M,47.21B,687.00M,0,0.29,0.29,371.00M,2015-03,109.00M,732.00M,-131.00M,-131.00M,15.38B,930.00M,9.863B,926.00M,105.00M,56.00M,3.478B,0,19.31B,78.62B,4.00M,55.37B,1.613B,53.99B,69.58B,37.75B,1.60B,926.00M,8.157B
L,2014-12,280.00M,47.14B,335.00M,0,0.5577,0.55,374.00M,2014-12,208.00M,731.00M,-129.00M,-129.00M,15.61B,893.00M,10.33B,673.00M,411.00M,110.00M,3.521B,0,19.28B,78.37B,4.00M,54.50B,1.008B,53.72B,69.63B,38.09B,1.31B,673.00M,7.358B
L,2014-09,638.00M,48.04B,850.00M,0,0.55,0.55,353.00M,2014-09,208.00M,562.00M,-121.00M,-121.00M,14.41B,1.03B,10.05B,663.00M,339.00M,99.00M,3.523B,0,19.66B,78.53B,4.00M,56.23B,1.513B,53.41B,69.08B,38.26B,1.377B,663.00M,8.185B
L,2014-06,807.00M,47.99B,974.00M,0,0.3,0.3,355.00M,2014-06,116.00M,496.00M,-126.00M,-126.00M,14.13B,996.00M,9.828B,815.00M,546.00M,145.00M,3.593B,0,19.86B,82.89B,4.00M,56.43B,1.789B,57.54B,69.12B,38.67B,1.145B,815.00M,8.441B
L,2014-03,563.00M,47.29B,854.00M,0,0.15,0.15,354.00M,2014-03,59.00M,0,-122.00M,-122.00M,14.97B,898.00M,10.46B,882.00M,514.00M,103.00M,3.688B,0,19.69B,81.80B,4.00M,55.64B,1.736B,56.69B,69.01B,39.12B,1.277B,882.00M,8.355B
L,2013-12,339.00M,48.26B,819.00M,0,-0.51,-0.51,357.00M,2013-12,-198.00M,0,-109.00M,-109.00M,13.52B,716.00M,9.525B,134.00M,498.00M,178.00M,3.782B,0,19.46B,79.94B,4.00M,57.15B,953.00M,55.03B,68.46B,38.05B,1.27B,134.00M,8.89B
L,2013-09,20.00M,47.67B,270.00M,0,0.73,0.73,991.00M,2013-09,282.00M,0,-105.00M,-105.00M,14.38B,831.00M,9.705B,326.00M,576.00M,155.00M,3.597B,0,19.36B,79.51B,4.00M,56.69B,596.00M,54.69B,69.38B,38.32B,1.197B,326.00M,9.023B
L,2013-06,37.00M,47.66B,33.00M,0,0.69,0.69,989.00M,2013-06,269.00M,473.00M,-108.00M,-108.00M,14.52B,749.00M,10.04B,520.00M,566.00M,163.00M,3.616B,392.00M,19.15B,80.05B,4.00M,57.18B,553.00M,55.40B,69.46B,39.00B,1.122B,520.00M,9.519B
L,2013-03,566.00M,48.82B,19.00M,0,0.62,0.62,993.00M,2013-03,242.00M,473.00M,-108.00M,-108.00M,14.20B,895.00M,9.418B,738.00M,498.00M,109.00M,3.686B,388.00M,19.47B,80.61B,4.00M,58.42B,757.00M,55.90B,69.91B,38.58B,1.356B,738.00M,9.605B
L,2012-12,678.00M,48.67B,19.00M,0,-0.08,-0.08,996.00M,2012-12,-32.00M,460.00M,-95.00M,-95.00M,13.94B,840.00M,9.191B,205.00M,658.00M,176.00M,3.225B,362.00M,19.46B,80.02B,4.00M,57.60B,224.00M,55.34B,69.52B,38.40B,570.00M,205.00M,8.929B
L,2012-09,964.00M,6.276B,18.00M,0,0.45,0.45,939.00M,2012-09,177.00M,245.00M,-109.00M,-109.00M,13.56B,1.122B,8.848B,808.00M,409.00M,99.00M,3.715B,0,19.84B,79.55B,4.00M,15.75B,826.00M,54.69B,65.60B,37.98B,1.429B,808.00M,9.474B
L,2012-06,746.00M,5.731B,88.00M,0,0.14,0.14,908.00M,2012-06,56.00M,0,-111.00M,-111.00M,13.71B,952.00M,9.048B,395.00M,214.00M,16.00M,3.388B,0,19.50B,77.33B,4.00M,14.88B,483.00M,53.09B,64.00B,37.48B,1.406B,395.00M,9.145B
L,2012-03,654.00M,5.657B,88.00M,0,0.93,0.92,908.00M,2012-03,367.00M,0,-111.00M,-111.00M,13.52B,937.00M,8.954B,920.00M,741.00M,222.00M,3.744B,0,19.43B,77.24B,4.00M,15.07B,1.008B,53.12B,63.55B,37.48B,1.216B,920.00M,9.409B
L,2011-12,384.00M,45.16B,88.00M,0,0.68,0.68,908.00M,2011-12,271.00M,0,-116.00M,-116.00M,13.62B,622.00M,8.913B,162.00M,482.00M,70.00M,3.481B,0,18.77B,75.27B,4.00M,53.98B,250.00M,52.06B,64.91B,37.09B,-392.00M,162.00M,8.817B
L,2011-09,735.00M,5.976B,1.206B,0,0.41,0.4,856.00M,2011-09,162.00M,0,-126.00M,-126.00M,12.94B,802.00M,8.026B,567.00M,439.00M,123.00M,3.438B,0,18.97B,76.30B,4.00M,16.08B,1.773B,52.74B,61.69B,37.24B,-436.00M,567.00M,10.11B
L,2011-06,581.00M,5.84B,6.00M,0,0.61,0.61,856.00M,2011-06,250.00M,0,-129.00M,-129.00M,12.46B,638.00M,9.163B,558.00M,548.00M,144.00M,3.542B,0,18.95B,76.07B,4.00M,15.97B,564.00M,52.59B,64.02B,38.41B,-78.00M,558.00M,10.13B
L,2011-03,294.00M,6.149B,197.00M,0,0.92,0.92,856.00M,2011-03,379.00M,0,-151.00M,-151.00M,12.54B,0,9.296B,419.00M,757.00M,195.00M,3.668B,0,18.69B,75.97B,4.00M,16.33B,616.00M,52.52B,60.83B,37.97B,0,419.00M,10.18B
