Ticker,Date,Accrued Comprehensive Inc,Cash and Short Term Investments,Cost of Goods Sold,Current Debt & Capital Lease Obligation,Current Deferred Liabilities,EPS Basic,EPS Diluted,Goodwill and Intangibles,Gross PP&E,Gross Profit,Income (Quarterly),Inventories,Net Income,Net Non-Operating Interest Income Expense,Net Operating Interest Income,Net PP&E,Non-Current Deferred Liabilities,Non-Current Portion of LTD and Capital Lease Obligation,Operating Income,Payables and Accrued Expenses,Pre-Tax Income,Provision for Income Taxes,Revenue,SG&A Expense,Shareholders Equity,Total Assets,Total Capital Stock,Total Current Assets,Total Current Liabilities,Total Liabilities,Total Long Term Assets,Total Long Term Liabilities,Total Operating Expenses,Total Payables,Total Receivables
LB,2021-01,83.00M,3.903B,2.511B,594.00M,361.00M,3.031,3.03,1.039B,8.762B,2.307B,2021-01,1.273B,860.00M,-116.00M,-116.00M,4.653B,234.00M,8.861B,1.273B,1.341B,1.155B,295.00M,4.818B,1.034B,-662.00M,11.57B,143.00M,5.579B,2.826B,12.23B,5.992B,9.406B,1.034B,863.00M,269.00M
LB,2020-10,48.00M,2.622B,1.696B,636.00M,330.00M,1.19,1.17,1.039B,8.87B,1.359B,2020-10,1.865B,331.00M,-121.00M,-121.00M,4.789B,191.00M,9.017B,581.00M,2.694B,410.00M,79.00M,3.055B,778.00M,-1.568B,11.16B,143.00M,4.927B,3.33B,12.72B,6.234B,9.395B,778.00M,1.215B,297.00M
LB,2020-07,49.00M,2.611B,1.608B,1.084B,316.00M,-0.18,-0.18,1.039B,8.911B,711.00M,2020-07,1.476B,-49.00M,-104.00M,-104.00M,4.927B,191.00M,8.967B,44.00M,2.349B,-60.00M,-11.00M,2.319B,667.00M,-1.908B,10.88B,143.00M,4.505B,3.433B,12.78B,6.375B,9.351B,667.00M,1.009B,268.00M
LB,2020-04,51.00M,957.00M,1.366B,1.058B,0,-1.07,-1.07,1.039B,9.124B,288.00M,2020-04,1.491B,-297.00M,-97.00M,-97.00M,5.246B,198.00M,7.979B,-318.00M,1.625B,-412.00M,-115.00M,1.654B,606.00M,-1.861B,9.439B,143.00M,2.849B,2.683B,11.30B,6.59B,8.614B,606.00M,799.00M,229.00M
LB,2020-01,52.00M,1.499B,2.914B,539.00M,0,-0.7,-0.7,1.039B,9.666B,1.793B,2020-01,1.287B,-192.00M,-92.00M,-92.00M,5.539B,219.00M,8.539B,801.00M,1.264B,-6.00M,186.00M,4.707B,992.00M,-1.499B,10.12B,142.00M,3.245B,2.372B,11.62B,6.88B,9.248B,992.00M,855.00M,306.00M
LB,2019-10,53.00M,340.00M,1.936B,535.00M,0,-0.91,-0.91,1.729B,9.579B,741.00M,2019-10,2.032B,-252.00M,-92.00M,-92.00M,5.701B,246.00M,8.585B,-151.00M,2.008B,-277.00M,-25.00M,2.677B,892.00M,-1.242B,10.63B,142.00M,2.926B,2.543B,11.87B,7.704B,9.325B,892.00M,1.028B,295.00M
LB,2019-07,49.00M,853.00M,1.919B,531.00M,0,0.14,0.14,1.759B,10.02B,983.00M,2019-07,1.329B,38.00M,-95.00M,-95.00M,5.965B,241.00M,8.64B,175.00M,1.685B,42.00M,4.00M,2.902B,808.00M,-933.00M,10.62B,142.00M,2.653B,2.216B,11.55B,7.965B,9.331B,808.00M,766.00M,283.00M
LB,2019-04,55.00M,1.146B,1.695B,515.00M,0,0.15,0.14,1.759B,10.02B,934.00M,2019-04,1.357B,40.00M,-99.00M,-99.00M,6.065B,238.00M,8.983B,153.00M,1.682B,60.00M,20.00M,2.629B,781.00M,-902.00M,11.00B,142.00M,2.947B,2.197B,11.90B,8.051B,9.699B,781.00M,810.00M,274.00M
LB,2019-01,59.00M,1.413B,2.884B,72.00M,0,-0.6954,-0.7,1.759B,6.733B,1.968B,2019-01,1.248B,540.00M,-93.00M,-93.00M,2.818B,226.00M,5.739B,899.00M,1.356B,711.00M,171.00M,4.852B,1.069B,-869.00M,8.09B,141.00M,3.26B,1.986B,8.955B,4.83B,6.969B,1.069B,910.00M,367.00M
LB,2018-10,11.00M,348.00M,1.847B,56.00M,0,-0.16,-0.16,1.759B,6.827B,928.00M,2018-10,1.963B,-43.00M,-96.00M,-96.00M,2.934B,234.00M,5.814B,54.00M,2.086B,-41.00M,2.00M,2.775B,874.00M,-1.314B,7.829B,142.00M,2.933B,2.142B,9.141B,4.896B,6.999B,874.00M,1.068B,321.00M
LB,2018-07,12.00M,843.00M,1.925B,65.00M,267.00M,0.36,0.36,1.759B,6.89B,1.059B,2018-07,1.315B,99.00M,-98.00M,-98.00M,2.949B,237.00M,5.712B,228.00M,1.791B,129.00M,30.00M,2.984B,831.00M,-1.124B,7.62B,142.00M,2.715B,1.856B,8.742B,4.905B,6.886B,831.00M,828.00M,310.00M
LB,2018-04,17.00M,1.032B,1.682B,89.00M,259.00M,0.17,0.17,1.759B,6.76B,944.00M,2018-04,1.35B,48.00M,-98.00M,-98.00M,2.894B,234.00M,5.719B,155.00M,1.769B,59.00M,11.00M,2.626B,789.00M,-971.00M,7.749B,141.00M,2.89B,1.858B,8.718B,4.859B,6.86B,789.00M,921.00M,274.00M
LB,2018-01,24.00M,1.515B,2.783B,87.00M,0,2.334,2.33,1.759B,6.687B,2.04B,2018-01,1.24B,664.00M,-106.00M,-106.00M,2.893B,238.00M,5.707B,986.00M,1.461B,842.00M,178.00M,4.823B,1.054B,-753.00M,8.149B,141.00M,3.293B,2.031B,8.90B,4.856B,6.869B,1.054B,1.017B,310.00M
LB,2017-10,15.00M,735.00M,1.629B,80.00M,0,0.3,0.3,1.759B,6.608B,989.00M,2017-10,1.715B,86.00M,-99.00M,-99.00M,2.92B,367.00M,5.705B,232.00M,1.939B,135.00M,49.00M,2.618B,757.00M,-1.121B,7.816B,159.00M,2.93B,2.019B,8.935B,4.886B,6.916B,757.00M,1.043B,285.00M
LB,2017-07,11.00M,1.36B,1.727B,64.00M,0,0.48,0.48,1.759B,6.478B,1.028B,2017-07,1.118B,139.00M,-101.00M,-101.00M,2.841B,369.00M,5.704B,301.00M,1.694B,217.00M,78.00M,2.755B,727.00M,-914.00M,7.763B,159.00M,2.957B,1.758B,8.675B,4.806B,6.917B,727.00M,834.00M,245.00M
LB,2017-04,18.00M,1.555B,1.534B,44.00M,0,0.33,0.33,1.759B,6.354B,903.00M,2017-04,1.147B,94.00M,-101.00M,-101.00M,2.761B,360.00M,5.702B,209.00M,1.787B,118.00M,24.00M,2.437B,694.00M,-836.00M,7.882B,159.00M,3.152B,1.831B,8.717B,4.73B,6.886B,694.00M,974.00M,213.00M
LB,2017-01,12.00M,1.934B,2.545B,36.00M,0,2.209,2.18,1.759B,6.282B,1.944B,2017-01,1.096B,632.00M,-99.00M,-99.00M,2.741B,352.00M,5.70B,988.00M,1.507B,893.00M,261.00M,4.489B,956.00M,-729.00M,8.17B,157.00M,3.465B,2.014B,8.897B,4.705B,6.883B,956.00M,1.063B,294.00M
LB,2016-10,12.00M,654.00M,1.556B,23.00M,0,0.43,0.42,1.759B,6.218B,1.025B,2016-10,1.651B,122.00M,-97.00M,-97.00M,2.77B,262.00M,5.701B,284.00M,1.984B,190.00M,68.00M,2.581B,741.00M,-1.19B,7.663B,157.00M,2.886B,2.007B,8.851B,4.777B,6.844B,741.00M,1.075B,325.00M
LB,2016-07,22.00M,1.273B,1.777B,13.00M,0,0.88,0.87,1.759B,5.991B,1.113B,2016-07,1.204B,252.00M,-101.00M,-101.00M,2.586B,268.00M,5.706B,408.00M,1.806B,380.00M,128.00M,2.89B,705.00M,-1.13B,7.541B,157.00M,2.96B,1.819B,8.67B,4.581B,6.851B,705.00M,927.00M,266.00M
LB,2016-04,42.00M,1.267B,1.571B,8.00M,0,0.53,0.52,1.759B,5.818B,1.043B,2016-04,1.266B,152.00M,-97.00M,-97.00M,2.423B,269.00M,5.718B,323.00M,1.597B,233.00M,81.00M,2.614B,720.00M,-1.087B,7.426B,157.00M,2.991B,1.605B,8.512B,4.435B,6.907B,720.00M,764.00M,249.00M
LB,2016-01,40.00M,2.548B,2.392B,6.00M,243.00M,2.193,2.15,1.729B,5.639B,2.003B,2016-01,1.122B,636.00M,-97.00M,-97.00M,2.33B,257.00M,5.715B,1.078B,1.361B,982.00M,346.00M,4.395B,925.00M,-259.00M,8.493B,156.00M,4.156B,1.875B,8.751B,4.337B,6.876B,925.00M,968.00M,261.00M
LB,2015-10,41.00M,1.311B,1.451B,4.00M,227.00M,0.56,0.55,1.729B,5.652B,1.031B,2015-10,1.62B,164.00M,-79.00M,-79.00M,2.35B,268.00M,5.762B,339.00M,1.724B,260.00M,96.00M,2.482B,692.00M,-658.00M,7.969B,156.00M,3.564B,1.728B,8.626B,4.405B,6.898B,692.00M,920.00M,283.00M
LB,2015-07,41.00M,830.00M,1.651B,213.00M,207.00M,0.69,0.68,1.729B,5.565B,1.114B,2015-07,1.106B,202.00M,-78.00M,-78.00M,2.275B,273.00M,4.759B,403.00M,1.57B,323.00M,121.00M,2.765B,711.00M,-648.00M,6.804B,156.00M,2.498B,1.57B,7.451B,4.306B,5.881B,711.00M,730.00M,257.00M
LB,2015-04,32.00M,699.00M,1.456B,214.00M,0,0.86,0.84,1.729B,5.587B,1.056B,2015-04,1.139B,250.00M,-80.00M,-80.00M,2.306B,273.00M,4.76B,372.00M,1.391B,369.00M,119.00M,2.512B,684.00M,-607.00M,6.638B,156.00M,2.318B,1.391B,7.244B,4.32B,5.853B,684.00M,668.00M,239.00M
LB,2015-01,35.00M,1.681B,2.234B,214.00M,0,1.934,1.89,1.729B,5.48B,1.835B,2015-01,1.036B,565.00M,-78.00M,-78.00M,2.277B,236.00M,4.722B,957.00M,1.182B,880.00M,315.00M,4.069B,878.00M,18.00M,7.476B,155.00M,3.199B,1.679B,7.457B,4.277B,5.778B,878.00M,850.00M,252.00M
LB,2014-10,38.00M,745.00M,1.372B,215.00M,0,0.45,0.44,1.729B,5.462B,947.00M,2014-10,1.485B,132.00M,-80.00M,-80.00M,2.281B,228.00M,4.759B,284.00M,1.586B,205.00M,73.00M,2.319B,663.00M,-434.00M,7.149B,155.00M,2.849B,1.799B,7.582B,4.30B,5.783B,663.00M,851.00M,274.00M
LB,2014-07,32.00M,1.147B,1.631B,216.00M,0,0.65,0.63,1.729B,5.304B,1.044B,2014-07,1.075B,188.00M,-82.00M,-82.00M,2.164B,229.00M,4.758B,376.00M,1.366B,296.00M,108.00M,2.675B,668.00M,-504.00M,6.87B,155.00M,2.699B,1.58B,7.373B,4.171B,5.793B,668.00M,623.00M,233.00M
LB,2014-04,36.00M,912.00M,1.409B,0,0,0.54,0.53,1.729B,5.184B,982.00M,2014-04,1.219B,157.00M,-84.00M,-84.00M,2.075B,217.00M,4.758B,336.00M,1.301B,255.00M,98.00M,2.391B,646.00M,-609.00M,6.663B,155.00M,2.585B,1.515B,7.272B,4.078B,5.757B,646.00M,640.00M,216.00M
LB,2014-01,40.00M,1.519B,2.176B,0,0,1.648,1.648,1.729B,5.101B,1.642B,2014-01,1.165B,490.00M,-82.00M,-82.00M,2.045B,210.00M,4.761B,863.00M,1.202B,787.00M,297.00M,3.818B,779.00M,-370.00M,7.198B,154.00M,3.15B,1.826B,7.567B,4.048B,5.741B,779.00M,887.00M,244.00M
LB,2013-10,19.00M,425.00M,1.314B,0,0,0.32,0.31,1.729B,5.083B,857.00M,2013-10,1.643B,92.00M,-76.00M,-76.00M,2.078B,194.00M,4.762B,211.00M,1.518B,142.00M,50.00M,2.171B,646.00M,-820.00M,6.636B,153.00M,2.58B,1.734B,7.456B,4.056B,5.722B,646.00M,816.00M,245.00M
LB,2013-07,13.00M,551.00M,1.527B,57.00M,202.00M,0.62,0.61,1.73B,4.945B,989.00M,2013-07,1.127B,178.00M,-77.00M,-77.00M,1.96B,200.00M,4.475B,358.00M,1.485B,282.00M,104.00M,2.516B,631.00M,-861.00M,6.072B,153.00M,2.098B,1.485B,6.933B,3.974B,5.448B,631.00M,766.00M,197.00M
LB,2013-04,3.00M,382.00M,1.327B,57.00M,196.00M,0.49,0.48,1.73B,4.805B,941.00M,2013-04,1.115B,143.00M,-79.00M,-79.00M,1.85B,206.00M,4.475B,311.00M,1.27B,235.00M,92.00M,2.268B,630.00M,-994.00M,5.776B,153.00M,1.904B,1.27B,6.77B,3.872B,5.50B,630.00M,617.00M,175.00M
LB,2013-01,4.00M,773.00M,2.139B,57.00M,0,1.393,1.39,1.73B,4.722B,1.717B,2013-01,1.004B,411.00M,-82.00M,-82.00M,1.803B,200.00M,4.477B,881.00M,1.128B,711.00M,300.00M,3.856B,836.00M,-1.015B,6.019B,152.00M,2.205B,1.538B,7.033B,3.814B,5.495B,836.00M,815.00M,203.00M
LB,2012-10,7.00M,547.00M,1.225B,57.00M,0,0.26,0.25,1.824B,4.666B,825.00M,2012-10,1.446B,74.00M,-77.00M,-77.00M,1.841B,174.00M,4.478B,187.00M,1.455B,128.00M,54.00M,2.05B,638.00M,-515.00M,6.427B,151.00M,2.485B,1.512B,6.942B,3.942B,5.43B,638.00M,738.00M,225.00M
LB,2012-07,9.00M,1.193B,1.457B,0,0,0.5,0.49,1.824B,4.612B,942.00M,2012-07,1.057B,143.00M,-79.00M,-79.00M,1.775B,188.00M,4.48B,305.00M,1.343B,229.00M,86.00M,2.399B,637.00M,-245.00M,6.589B,151.00M,2.716B,1.40B,6.834B,3.873B,5.434B,637.00M,631.00M,175.00M
LB,2012-04,5.00M,1.286B,1.252B,0,0,0.43,0.41,1.825B,4.47B,902.00M,2012-04,1.10B,125.00M,-78.00M,-78.00M,1.689B,191.00M,4.48B,293.00M,1.233B,213.00M,88.00M,2.154B,609.00M,-131.00M,6.616B,151.00M,2.816B,1.29B,6.747B,3.80B,5.457B,609.00M,1.233B,158.00M
LB,2012-01,0,935.00M,1.988B,0,0,1.2,1.15,1.825B,4.387B,1.527B,2012-01,997.00M,359.00M,-63.00M,-63.00M,1.644B,183.00M,3.481B,762.00M,1.072B,580.00M,221.00M,3.515B,765.00M,137.00M,6.108B,148.00M,2.368B,1.526B,5.97B,3.74B,4.444B,765.00M,766.00M,218.00M
LB,2011-10,0,498.00M,1.389B,0,0,0.32,0.31,2.042B,4.362B,785.00M,2011-10,1.537B,94.00M,-64.00M,-64.00M,1.661B,220.00M,3.536B,186.00M,1.504B,122.00M,28.00M,2.174B,599.00M,520.00M,6.517B,167.00M,2.616B,1.504B,5.996B,3.901B,4.492B,599.00M,1.504B,298.00M
LB,2011-07,-2.00M,1.035B,1.556B,0,0,0.76,0.73,2.055B,4.227B,902.00M,2011-07,1.104B,231.00M,-64.00M,-64.00M,1.583B,224.00M,3.524B,194.00M,1.347B,276.00M,45.00M,2.458B,708.00M,625.00M,6.50B,167.00M,2.652B,1.347B,5.875B,3.848B,4.528B,708.00M,1.347B,241.00M
LB,2011-04,89.00M,1.557B,1.375B,0,0,0.52,0.5,2.059B,4.225B,842.00M,2011-04,1.075B,165.00M,-55.00M,-55.00M,1.598B,218.00M,3.51B,217.00M,1.389B,249.00M,84.00M,2.217B,625.00M,1.127B,7.015B,166.00M,3.164B,1.389B,5.888B,3.851B,4.499B,625.00M,1.389B,205.00M
