Ticker,Date,Accrued Comprehensive Inc,Cash and Short Term Investments,Cost of Goods Sold,Current Debt & Capital Lease Obligation,Current Deferred Liabilities,EPS Basic,EPS Diluted,Goodwill and Intangibles,Gross PP&E,Gross Profit,Income (Quarterly),Inventories,Net Income,Net Non-Operating Interest Income Expense,Net Operating Interest Income,Net PP&E,Non-Current Deferred Liabilities,Non-Current Portion of LTD and Capital Lease Obligation,Operating Income,Payables and Accrued Expenses,Pre-Tax Income,Provision for Income Taxes,Revenue,SG&A Expense,Shareholders Equity,Total Assets,Total Capital Stock,Total Current Assets,Total Current Liabilities,Total Liabilities,Total Long Term Assets,Total Long Term Liabilities,Total Operating Expenses,Total Payables,Total Receivables
LEG,2020-12,-52.40M,348.90M,923.40M,93.30M,19.40M,0.76,0.76,2.090B,2.342B,258.60M,2020-12,645.50M,103.20M,-18.80M,-18.80M,946.40M,215.20M,1.971B,141.50M,828.50M,130.90M,27.70M,1.182B,103.80M,1.390B,4.754B,2.00M,1.612B,1.006B,3.364B,3.142B,2.358B,117.10M,714.40M,563.60M
LEG,2020-09,-87.40M,245.00M,940.80M,93.00M,11.90M,0.77,0.77,2.095B,2.317B,266.80M,2020-09,585.30M,104.80M,-20.40M,-20.40M,950.10M,204.60M,2.034B,152.00M,764.80M,126.90M,22.00M,1.208B,105.60M,1.300B,4.664B,2.00M,1.518B,947.40M,3.364B,3.146B,2.416B,114.80M,494.10M,642.30M
LEG,2020-06,-117.20M,208.80M,698.80M,92.90M,11.80M,-0.05,-0.05,2.104B,2.295B,146.30M,2020-06,574.10M,-6.10M,-20.40M,-20.40M,965.30M,212.20M,2.212B,32.80M,601.90M,2.40M,8.50M,845.10M,97.20M,1.214B,4.582B,2.00M,1.410B,775.50M,3.368B,3.172B,2.592B,113.50M,361.40M,577.30M
LEG,2020-03,-147.30M,505.80M,822.70M,90.80M,0,0.34,0.34,2.135B,2.263B,222.80M,2020-03,655.50M,45.70M,-20.00M,-20.00M,964.80M,197.10M,2.533B,88.60M,673.10M,60.70M,15.00M,1.046B,117.80M,1.238B,4.982B,2.00M,1.782B,854.70M,3.743B,3.20B,2.889B,134.20M,429.10M,568.20M
LEG,2019-12,-76.80M,247.60M,872.50M,90.40M,0,0.642,0.64,2.170B,2.314B,272.40M,2019-12,636.70M,86.80M,-20.30M,-20.30M,993.90M,236.90M,2.188B,138.80M,743.60M,114.80M,27.90M,1.145B,117.60M,1.312B,4.816B,2.00M,1.538B,928.10M,3.504B,3.278B,2.576B,133.60M,619.00M,591.90M
LEG,2019-09,-95.80M,242.00M,963.80M,89.20M,0,0.74,0.74,2.163B,2.266B,275.50M,2019-09,635.80M,99.60M,-21.10M,-21.10M,973.30M,217.10M,2.316B,144.00M,737.90M,123.00M,23.40M,1.239B,115.20M,1.255B,4.858B,2.00M,1.605B,920.80M,3.602B,3.253B,2.681B,131.50M,467.30M,677.30M
LEG,2019-06,-62.20M,289.70M,943.50M,89.80M,0,0.64,0.64,2.188B,2.278B,269.70M,2019-06,656.70M,86.20M,-21.90M,-21.90M,987.70M,218.80M,2.495B,134.50M,716.20M,114.10M,27.80M,1.213B,118.30M,1.238B,5.002B,2.00M,1.703B,900.30M,3.763B,3.299B,2.863B,135.20M,452.90M,700.30M
LEG,2019-03,-64.40M,263.30M,922.10M,89.50M,0,0.46,0.45,2.203B,2.234B,233.00M,2019-03,676.80M,61.20M,-20.00M,-20.00M,968.20M,216.10M,2.529B,100.30M,679.30M,78.20M,17.10M,1.155B,118.60M,1.195B,4.954B,2.00M,1.659B,867.00M,3.759B,3.295B,2.892B,132.70M,431.20M,665.30M
LEG,2018-12,-77.60M,268.10M,833.50M,1.20M,0,0.3955,0.39,1.012B,1.981B,213.20M,2018-12,633.90M,53.00M,-15.80M,-15.80M,728.50M,113.50M,1.168B,96.10M,717.30M,68.20M,15.10M,1.047B,111.90M,1.157B,3.382B,2.00M,1.525B,815.70M,2.224B,1.857B,1.409B,117.10M,606.70M,571.60M
LEG,2018-09,-58.70M,363.50M,864.40M,3.60M,0,0.67,0.67,1.029B,1.971B,227.10M,2018-09,634.00M,90.00M,-11.10M,-11.10M,723.00M,87.60M,1.353B,121.20M,698.20M,113.30M,23.30M,1.092B,100.70M,1.166B,3.549B,2.00M,1.667B,784.90M,2.383B,1.882B,1.598B,105.90M,428.70M,625.50M
LEG,2018-06,-48.70M,446.40M,871.50M,153.70M,12.70M,0.63,0.63,1.022B,1.940B,231.00M,2018-06,634.20M,85.00M,-13.60M,-13.60M,709.30M,89.00M,1.298B,118.10M,705.00M,107.50M,22.40M,1.102B,107.80M,1.128B,3.644B,2.00M,1.783B,936.90M,2.515B,1.861B,1.578B,112.90M,450.60M,649.80M
LEG,2018-03,9.90M,494.60M,811.40M,154.00M,14.40M,0.58,0.57,1.038B,1.946B,217.40M,2018-03,610.60M,77.90M,-12.00M,-12.00M,710.10M,92.70M,1.239B,107.70M,731.10M,95.40M,17.50M,1.029B,104.70M,1.196B,3.692B,2.00M,1.814B,978.10M,2.496B,1.878B,1.518B,109.70M,433.40M,658.20M
LEG,2017-12,-9.50M,526.10M,776.00M,153.80M,0,0.2677,0.2677,991.30M,1.877B,208.50M,2017-12,571.10M,36.30M,-9.90M,-9.90M,663.90M,112.40M,1.098B,109.50M,676.20M,110.60M,74.20M,984.50M,94.30M,1.190B,3.551B,2.00M,1.766B,976.20M,2.36B,1.784B,1.384B,99.00M,571.50M,595.10M
LEG,2017-09,-36.90M,342.90M,793.20M,153.30M,0,0.61,0.6,993.20M,1.840B,216.50M,2017-09,558.00M,82.60M,-8.50M,-8.50M,644.30M,63.00M,1.044B,114.90M,645.80M,100.70M,17.20M,1.010B,95.40M,1.172B,3.324B,2.00M,1.550B,891.50M,2.151B,1.774B,1.259B,101.60M,381.80M,585.80M
LEG,2017-06,-63.80M,335.10M,758.60M,3.40M,0,0.64,0.64,992.50M,1.830B,230.70M,2017-06,580.00M,87.60M,-8.90M,-8.90M,616.20M,57.00M,1.184B,121.30M,652.00M,113.40M,25.80M,989.30M,104.70M,1.133B,3.282B,2.00M,1.540B,741.70M,2.148B,1.741B,1.406B,109.40M,388.30M,577.70M
LEG,2017-03,-96.20M,268.60M,733.60M,3.40M,0,0.63,0.62,987.30M,1.775B,226.70M,2017-03,556.20M,86.10M,-8.60M,-8.60M,588.80M,51.90M,1.120B,115.50M,629.50M,107.30M,21.20M,960.30M,106.10M,1.064B,3.120B,2.00M,1.413B,716.60M,2.054B,1.706B,1.338B,111.20M,387.80M,555.40M
LEG,2016-12,-113.60M,281.90M,697.00M,3.60M,0,0.5943,0.59,956.20M,1.731B,206.70M,2016-12,519.60M,81.60M,-8.20M,-8.20M,565.50M,87.40M,956.20M,104.90M,588.20M,110.00M,27.00M,903.70M,97.00M,1.092B,2.984B,2.00M,1.325B,706.60M,1.890B,1.659B,1.184B,101.80M,494.50M,486.60M
LEG,2016-09,-77.20M,317.30M,721.50M,1.00M,0,0.68,0.67,978.20M,1.724B,227.40M,2016-09,518.60M,93.50M,-9.00M,-9.00M,554.10M,53.40M,1.055B,128.30M,599.10M,121.20M,27.60M,948.90M,93.90M,1.101B,3.070B,2.00M,1.413B,686.90M,1.967B,1.657B,1.280B,99.10M,334.90M,543.80M
LEG,2016-06,-77.00M,284.80M,724.90M,3.60M,0,0.88,0.87,975.30M,1.709B,234.00M,2016-06,523.40M,121.20M,-9.30M,-9.30M,553.10M,44.60M,1.044B,129.50M,606.70M,137.20M,37.70M,958.90M,99.70M,1.063B,3.032B,2.00M,1.380B,699.00M,1.966B,1.652B,1.267B,104.50M,339.80M,534.70M
LEG,2016-03,-61.50M,250.20M,704.80M,3.50M,0,0.64,0.63,997.30M,1.719B,233.60M,2016-03,522.10M,89.50M,-8.40M,-8.40M,554.70M,44.10M,1.032B,123.40M,588.40M,118.70M,27.70M,938.40M,105.10M,1.079B,3.024B,2.00M,1.342B,680.00M,1.933B,1.682B,1.253B,110.20M,332.10M,531.30M
LEG,2015-12,-91.10M,253.20M,711.00M,3.40M,12.60M,0.5754,0.57,994.50M,1.687B,233.60M,2015-12,504.60M,80.50M,-7.60M,-7.60M,540.80M,76.40M,941.50M,112.20M,556.80M,106.50M,24.70M,944.60M,115.90M,1.086B,2.964B,2.00M,1.311B,701.20M,1.866B,1.652B,1.165B,121.40M,449.70M,520.20M
LEG,2015-09,-68.40M,251.20M,768.00M,3.40M,12.70M,0.68,0.67,1.016B,1.698B,241.10M,2015-09,504.60M,95.20M,-9.20M,-9.20M,543.70M,45.80M,989.10M,139.00M,656.20M,132.30M,36.10M,1.009B,96.90M,1.089B,3.066B,2.00M,1.380B,751.00M,1.966B,1.686B,1.215B,102.10M,343.50M,529.60M
LEG,2015-06,-36.30M,275.10M,766.60M,201.70M,13.10M,0.55,0.54,1.030B,1.691B,230.70M,2015-06,510.80M,77.70M,-10.20M,-10.20M,538.60M,50.70M,831.70M,118.90M,674.70M,109.00M,32.30M,997.30M,106.60M,1.100B,3.144B,2.00M,1.436B,964.00M,2.034B,1.708B,1.070B,111.80M,358.60M,549.60M
LEG,2015-03,-40.80M,262.20M,748.40M,202.20M,0,0.51,0.5,1.021B,1.672B,217.80M,2015-03,506.20M,71.70M,-9.70M,-9.70M,533.20M,50.80M,798.00M,115.10M,662.10M,102.00M,28.70M,966.20M,97.50M,1.107B,3.103B,2.00M,1.409B,953.10M,1.987B,1.694B,1.034B,102.70M,357.50M,532.00M
LEG,2014-12,-2.60M,332.80M,749.50M,201.70M,0,0.1461,0.14,1.034B,1.743B,203.80M,2014-12,481.40M,20.60M,-9.10M,-9.10M,548.80M,81.60M,766.70M,67.80M,676.80M,59.00M,12.80M,953.30M,132.00M,1.146B,3.141B,2.00M,1.429B,992.20M,1.986B,1.711B,993.50M,136.00M,501.80M,523.30M
LEG,2014-09,60.80M,242.90M,788.30M,381.60M,0,0.34,0.34,1.045B,1.749B,209.10M,2014-09,476.50M,48.20M,-8.90M,-8.90M,546.60M,62.50M,619.20M,72.80M,654.90M,66.50M,13.10M,997.40M,131.40M,1.218B,3.185B,2.00M,1.435B,1.144B,1.956B,1.750B,811.70M,136.30M,356.90M,584.40M
LEG,2014-06,92.90M,304.20M,755.40M,181.30M,0,-0.17,-0.17,1.046B,1.870B,200.70M,2014-06,527.10M,-23.90M,-9.00M,-9.00M,582.60M,56.60M,926.00M,101.80M,599.90M,93.20M,23.60M,956.10M,94.10M,1.253B,3.243B,2.00M,1.490B,864.80M,1.981B,1.754B,1.116B,98.90M,376.70M,603.40M
LEG,2014-03,80.10M,268.60M,698.70M,181.40M,0,0.37,0.37,1.126B,1.831B,176.80M,2014-03,519.50M,53.10M,-9.00M,-9.00M,564.30M,75.00M,811.00M,79.90M,574.10M,76.80M,20.80M,875.50M,92.10M,1.363B,3.222B,2.00M,1.410B,834.00M,1.851B,1.812B,1.017B,96.90M,350.20M,573.90M
LEG,2013-12,94.50M,272.70M,694.10M,181.10M,0,0.0389,0.0389,1.130B,1.841B,165.10M,2013-12,495.90M,5.60M,-8.90M,-8.90M,574.60M,107.90M,688.40M,66.60M,554.50M,-3.70M,-14.20M,859.20M,91.10M,1.391B,3.108B,2.00M,1.282B,829.50M,1.709B,1.826B,879.40M,98.50M,466.90M,467.40M
LEG,2013-09,70.00M,298.90M,698.00M,1.10M,0,0.49,0.49,1.203B,1.842B,179.60M,2013-09,488.90M,71.30M,-8.90M,-8.90M,579.90M,86.90M,957.50M,88.90M,553.00M,90.50M,24.00M,877.60M,85.40M,1.456B,3.305B,2.00M,1.408B,638.80M,1.841B,1.897B,1.203B,90.70M,326.20M,574.70M
LEG,2013-06,46.80M,280.30M,759.70M,1.80M,9.10M,0.49,0.48,1.192B,1.804B,199.10M,2013-06,510.40M,71.30M,-9.10M,-9.10M,562.10M,81.90M,973.90M,94.90M,552.00M,89.40M,24.30M,958.80M,98.80M,1.425B,3.279B,2.00M,1.387B,630.70M,1.845B,1.892B,1.214B,104.20M,338.30M,553.00M
LEG,2013-03,56.90M,449.40M,743.80M,201.40M,10.30M,0.34,0.33,1.196B,1.812B,188.90M,2013-03,502.50M,49.10M,-10.10M,-10.10M,566.80M,79.30M,953.80M,76.00M,527.80M,69.30M,19.90M,932.70M,107.20M,1.432B,3.428B,2.00M,1.525B,792.60M,1.988B,1.903B,1.195B,112.90M,320.00M,528.60M
LEG,2012-12,71.00M,359.10M,433.00M,201.50M,0,0.5065,0.5,1.198B,1.810B,125.50M,2012-12,489.00M,73.50M,-11.40M,-11.40M,572.80M,121.10M,853.90M,54.90M,454.10M,45.40M,-17.20M,558.50M,65.10M,1.434B,3.255B,2.00M,1.339B,731.00M,1.813B,1.916B,1.082B,70.60M,365.00M,446.20M
LEG,2012-09,75.20M,264.90M,773.20M,201.80M,0,0.46,0.45,1.190B,1.816B,204.90M,2012-09,471.20M,65.80M,-9.70M,-9.70M,575.40M,61.70M,860.20M,104.30M,526.00M,95.20M,28.60M,978.10M,94.10M,1.388B,3.246B,2.00M,1.379B,795.70M,1.845B,1.867B,1.049B,100.60M,292.00M,589.70M
LEG,2012-06,55.40M,254.50M,747.90M,201.90M,0,0.45,0.45,1.186B,1.790B,186.70M,2012-06,517.60M,64.90M,-8.00M,-8.00M,581.10M,60.40M,821.00M,88.50M,543.50M,78.80M,21.50M,934.60M,91.80M,1.336B,3.223B,2.00M,1.383B,864.10M,1.876B,1.84B,1.012B,98.20M,320.20M,557.60M
LEG,2012-03,85.10M,261.20M,768.50M,2.50M,0,0.31,0.3,1.200B,1.801B,178.30M,2012-03,473.30M,44.00M,-7.80M,-7.80M,592.40M,64.50M,1.047B,74.20M,516.70M,66.80M,22.30M,946.80M,97.90M,1.332B,3.213B,2.00M,1.350B,626.10M,1.870B,1.862B,1.243B,104.10M,298.20M,571.60M
LEG,2011-12,65.20M,236.30M,690.80M,2.50M,0,0.06,0.06,1.043B,1.774B,146.20M,2011-12,441.00M,8.70M,-8.30M,-8.30M,580.60M,109.20M,833.30M,52.60M,456.10M,32.10M,5.40M,837.00M,90.20M,1.297B,2.915B,2.00M,1.224B,586.00M,1.607B,1.691B,1.021B,93.60M,366.40M,503.60M
LEG,2011-09,76.40M,218.80M,770.50M,2.10M,0,0.31,0.31,1.064B,1.805B,170.40M,2011-09,456.50M,44.90M,-8.20M,-8.20M,600.90M,69.70M,897.30M,71.80M,493.10M,63.40M,18.10M,940.90M,93.90M,1.328B,3.022B,2.00M,1.291B,604.00M,1.684B,1.731B,1.080B,98.60M,274.20M,576.70M
LEG,2011-06,135.30M,203.30M,763.30M,2.20M,0,0.38,0.37,1.09B,1.830B,181.90M,2011-06,507.10M,54.70M,-7.10M,-7.10M,618.00M,76.40M,856.60M,78.90M,497.40M,72.00M,16.50M,945.20M,98.10M,1.435B,3.095B,2.00M,1.318B,577.80M,1.64B,1.777B,1.062B,103.00M,282.30M,567.90M
LEG,2011-03,124.20M,195.40M,725.80M,2.20M,0,0.3,0.3,1.088B,1.814B,170.00M,2011-03,462.20M,45.00M,-8.00M,-8.00M,616.10M,74.00M,821.90M,74.20M,508.70M,66.20M,19.90M,895.80M,95.80M,1.439B,3.067B,2.00M,1.290B,585.70M,1.609B,1.776B,1.023B,95.80M,301.80M,575.60M
