Ticker,Date,Accrued Comprehensive Inc,Cash and Short Term Investments,Cost of Goods Sold,Current Debt & Capital Lease Obligation,Current Deferred Liabilities,EPS Basic,EPS Diluted,Goodwill and Intangibles,Gross PP&E,Gross Profit,Income (Quarterly),Inventories,Net Income,Net Non-Operating Interest Income Expense,Net Operating Interest Income,Net PP&E,Non-Current Deferred Liabilities,Non-Current Portion of LTD and Capital Lease Obligation,Operating Income,Payables and Accrued Expenses,Pre-Tax Income,Provision for Income Taxes,Revenue,SG&A Expense,Shareholders Equity,Total Assets,Total Capital Stock,Total Current Assets,Total Current Liabilities,Total Liabilities,Total Long Term Assets,Total Long Term Liabilities,Total Operating Expenses,Total Payables,Total Receivables
LHX,2020-12,-839.00M,1.276B,3.261B,10.00M,1.198B,0.92,0.91,26.78B,4.635B,1.399B,2020-12,973.00M,193.00M,-64.00M,-64.00M,2.868B,1.237B,7.642B,568.00M,2.523B,247.00M,63.00M,4.66B,831.00M,20.72B,36.96B,208.00M,6.667B,4.24B,16.12B,30.29B,11.88B,831.00M,1.455B,4.076B
LHX,2020-09,-590.00M,1.341B,3.152B,668.00M,1.089B,2,1.98,27.16B,4.614B,1.311B,2020-09,894.00M,426.00M,-62.00M,-62.00M,2.925B,1.402B,6.998B,494.00M,2.483B,518.00M,87.00M,4.463B,817.00M,21.31B,37.14B,210.00M,6.393B,4.666B,15.71B,30.75B,11.04B,817.00M,1.244B,3.741B
LHX,2020-06,-624.00M,1.947B,3.175B,668.00M,1.106B,1.31,1.3,27.35B,4.544B,1.27B,2020-06,859.00M,283.00M,-65.00M,-65.00M,2.905B,1.466B,7.046B,366.00M,2.369B,336.00M,58.00M,4.445B,904.00M,22.10B,37.85B,216.00M,6.926B,4.587B,15.63B,30.93B,11.04B,904.00M,1.151B,3.632B
LHX,2020-03,-651.00M,663.00M,3.298B,898.00M,1.138B,1,0.99,27.44B,4.371B,1.328B,2020-03,990.00M,217.00M,-63.00M,-63.00M,2.816B,1.402B,7.023B,513.00M,2.554B,221.00M,26.00M,4.626B,815.00M,21.90B,38.10B,216.00M,7.211B,5.123B,16.08B,30.89B,10.96B,815.00M,1.459B,3.95B
LHX,2019-09,-756.00M,1.001B,3.242B,659.00M,1.21B,1.93,1.9,28.26B,4.47B,1.189B,2019-09,1.339B,429.00M,-58.00M,-58.00M,3.007B,1.192B,7.138B,190.00M,2.328B,440.00M,5.00M,4.431B,999.00M,22.77B,38.95B,222.00M,7.027B,4.718B,16.02B,31.92B,11.30B,999.00M,1.447B,4.191B
LHX,2019-06,-707.00M,530.00M,1.223B,759.00M,496.00M,2.26,2.2,6.21B,2.287B,642.00M,2019-06,360.00M,268.00M,-39.00M,-39.00M,894.00M,12.00M,2.763B,293.00M,816.00M,302.00M,33.00M,1.865B,349.00M,3.363B,10.12B,119.00M,2.578B,2.268B,6.754B,7.539B,4.486B,349.00M,533.00M,1.455B
LHX,2019-03,-217.00M,334.00M,1.139B,109.00M,466.00M,2.06,2.02,6.273B,2.28B,589.00M,2019-03,433.00M,243.00M,-42.00M,-42.00M,904.00M,59.00M,3.412B,279.00M,855.00M,283.00M,40.00M,1.728B,310.00M,3.607B,9.792B,118.00M,2.285B,1.606B,6.185B,7.507B,4.579B,310.00M,539.00M,1.411B
LHX,2018-12,-211.00M,343.00M,1.095B,408.00M,479.00M,1.91,1.87,6.30B,2.233B,571.00M,2018-12,425.00M,225.00M,-43.00M,-43.00M,901.00M,60.00M,3.411B,267.00M,807.00M,271.00M,46.00M,1.666B,304.00M,3.412B,9.852B,118.00M,2.311B,1.822B,6.44B,7.541B,4.618B,304.00M,532.00M,1.425B
LHX,2018-09,-202.00M,305.00M,1.01B,599.00M,410.00M,1.81,1.77,6.333B,2.213B,532.00M,2018-09,413.00M,213.00M,-43.00M,-43.00M,898.00M,84.00M,3.41B,253.00M,822.00M,257.00M,41.00M,1.542B,279.00M,3.244B,9.889B,118.00M,2.288B,1.956B,6.645B,7.601B,4.689B,279.00M,501.00M,1.453B
LHX,2018-06,-202.00M,288.00M,1.097B,382.00M,372.00M,1.83,1.79,6.361B,2.183B,564.00M,2018-06,411.00M,213.00M,-45.00M,-45.00M,900.00M,79.00M,3.408B,272.00M,954.00M,247.00M,39.00M,1.661B,292.00M,3.278B,9.851B,118.00M,2.224B,1.85B,6.573B,7.627B,4.723B,292.00M,637.00M,1.422B
LHX,2018-03,-249.00M,443.00M,1.028B,828.00M,296.00M,1.65,1.62,6.396B,2.139B,534.00M,2018-03,963.00M,196.00M,-41.00M,-41.00M,879.00M,49.00M,3.391B,203.00M,870.00M,208.00M,10.00M,1.562B,331.00M,3.137B,10.07B,119.00M,2.414B,2.146B,6.933B,7.656B,4.787B,331.00M,516.00M,892.00M
LHX,2017-12,-254.00M,422.00M,1.022B,528.00M,290.00M,1.1,1.08,6.422B,2.108B,513.00M,2017-12,942.00M,131.00M,-41.00M,-41.00M,878.00M,34.00M,3.391B,222.00M,803.00M,225.00M,94.00M,1.535B,291.00M,2.994B,9.856B,119.00M,2.132B,1.741B,6.862B,7.724B,5.121B,291.00M,500.00M,666.00M
LHX,2017-09,-250.00M,388.00M,919.00M,602.00M,264.00M,1.33,1.31,6.453B,2.097B,491.00M,2017-09,896.00M,159.00M,-41.00M,-41.00M,890.00M,35.00M,3.395B,223.00M,922.00M,228.00M,63.00M,1.41B,268.00M,2.987B,10.10B,119.00M,2.127B,1.918B,7.112B,7.972B,5.194B,268.00M,580.00M,730.00M
LHX,2017-06,-276.00M,484.00M,1.079B,634.00M,252.00M,1.09,1.07,6.47B,2.071B,460.00M,2017-06,841.00M,121.00M,-41.00M,-41.00M,904.00M,34.00M,3.396B,95.00M,900.00M,218.00M,62.00M,1.539B,365.00M,2.928B,10.09B,120.00M,2.073B,1.926B,7.162B,8.017B,5.236B,365.00M,571.00M,647.00M
LHX,2017-03,-461.00M,302.00M,958.00M,354.00M,231.00M,0.7,0.69,6.503B,1.999B,531.00M,2017-03,894.00M,85.00M,-42.00M,-42.00M,895.00M,5.00M,3.859B,275.00M,782.00M,233.00M,69.00M,1.489B,256.00M,2.914B,11.11B,122.00M,2.876B,1.732B,8.193B,8.231B,6.461B,256.00M,436.00M,782.00M
LHX,2016-12,-523.00M,361.00M,920.00M,313.00M,260.00M,1.42,1.4,7.285B,2.048B,529.00M,2016-12,1.001B,177.00M,-43.00M,-43.00M,908.00M,4.00M,4.087B,277.00M,895.00M,235.00M,72.00M,1.449B,252.00M,3.157B,11.62B,124.00M,2.612B,1.665B,8.46B,9.006B,6.795B,252.00M,555.00M,773.00M
LHX,2016-09,-497.00M,284.00M,897.00M,399.00M,289.00M,1.29,1.27,7.495B,2.20B,523.00M,2016-09,962.00M,160.00M,-44.00M,-44.00M,988.00M,5.00M,4.087B,246.00M,996.00M,203.00M,58.00M,1.42B,277.00M,3.053B,11.78B,124.00M,2.425B,1.856B,8.724B,9.353B,6.868B,277.00M,557.00M,997.00M
LHX,2016-06,-495.00M,487.00M,937.00M,397.00M,294.00M,1.29,1.28,6.583B,1.933B,596.00M,2016-06,867.00M,160.00M,-43.00M,-43.00M,924.00M,4.00M,4.12B,250.00M,877.00M,217.00M,75.00M,1.533B,346.00M,3.056B,12.01B,125.00M,2.624B,1.981B,8.952B,9.385B,6.971B,346.00M,498.00M,749.00M
LHX,2016-03,-70.00M,302.00M,1.009B,474.00M,335.00M,1.35,1.34,7.516B,2.127B,541.00M,2016-03,992.00M,168.00M,-46.00M,-46.00M,1.007B,8.00M,4.319B,268.00M,930.00M,221.00M,62.00M,1.55B,273.00M,3.366B,11.90B,124.00M,2.866B,2.012B,8.533B,9.034B,6.521B,273.00M,543.00M,1.198B
LHX,2015-12,-66.00M,511.00M,1.203B,583.00M,366.00M,-1.23,-1.23,7.632B,2.299B,545.00M,2015-12,1.07B,-152.00M,-46.00M,-46.00M,1.102B,75.00M,4.443B,328.00M,988.00M,282.00M,85.00M,1.748B,217.00M,3.251B,12.10B,124.00M,2.835B,2.139B,8.845B,9.262B,6.706B,217.00M,566.00M,1.091B
LHX,2015-09,-48.00M,320.00M,1.22B,180.00M,434.00M,1.2,1.18,8.05B,2.322B,591.00M,2015-09,1.107B,148.00M,-47.00M,-47.00M,1.15B,81.00M,4.901B,262.00M,999.00M,216.00M,68.00M,1.811B,329.00M,3.462B,12.56B,124.00M,3.053B,1.871B,9.101B,9.511B,7.23B,329.00M,525.00M,1.108B
LHX,2015-06,-16.00M,481.00M,46.00M,163.00M,700.00M,-0.51,-0.51,8.123B,2.313B,291.00M,2015-06,1.015B,-56.00M,-51.00M,-51.00M,1.165B,12.00M,5.053B,11.00M,1.128B,-148.00M,-45.00M,337.00M,280.00M,3.397B,13.13B,124.00M,3.183B,2.274B,9.725B,9.944B,7.451B,280.00M,638.00M,1.255B
LHX,2015-03,-139.10M,487.70M,754.00M,27.30M,241.10M,1.21,1.2,1.872B,1.798B,433.00M,2015-03,635.70M,126.00M,-34.00M,-34.00M,705.50M,74.00M,1.576B,213.00M,600.80M,179.00M,53.00M,1.187B,220.00M,1.841B,4.834B,104.20M,2.022B,1.048B,2.994B,2.812B,1.946B,220.00M,299.00M,668.10M
LHX,2014-12,-77.90M,469.50M,808.00M,75.30M,253.30M,1.34,1.34,1.900B,1.791B,398.00M,2014-12,649.60M,139.00M,-21.00M,-21.00M,724.50M,77.30M,1.576B,210.00M,548.50M,189.00M,50.00M,1.206B,188.00M,1.812B,4.798B,104.10M,1.946B,1.028B,2.987B,2.852B,1.959B,188.00M,292.10M,603.60M
LHX,2014-09,-35.60M,449.10M,762.00M,53.60M,278.70M,1.19,1.18,1.939B,1.772B,393.00M,2014-09,648.30M,125.00M,-22.00M,-22.00M,730.50M,80.50M,1.576B,198.00M,596.60M,176.00M,51.00M,1.155B,195.00M,1.796B,4.837B,104.60M,1.925B,1.082B,3.041B,2.912B,1.958B,195.00M,335.70M,617.70M
LHX,2014-06,-15.00M,561.00M,899.10M,60.00M,272.00M,1.23,1.22,1.969B,1.744B,430.30M,2014-06,619.00M,131.60M,-22.40M,-22.40M,728.00M,84.00M,1.564B,226.00M,574.00M,202.90M,65.50M,1.329B,204.30M,1.826B,4.919B,106.00M,1.991B,1.115B,3.094B,2.928B,1.979B,204.30M,324.00M,594.00M
LHX,2014-03,-32.10M,349.60M,841.00M,82.70M,299.10M,1.32,1.31,1.974B,1.680B,426.50M,2014-03,674.00M,141.40M,-22.50M,-22.50M,685.50M,87.30M,1.576B,223.30M,617.40M,201.00M,63.90M,1.268B,203.20M,1.795B,4.959B,106.50M,2.053B,1.176B,3.164B,2.905B,1.988B,203.20M,355.50M,826.50M
LHX,2013-12,-38.90M,334.40M,795.40M,98.40M,299.50M,1.27,1.26,1.988B,1.642B,427.80M,2013-12,688.80M,136.20M,-23.00M,-23.00M,668.90M,90.50M,1.577B,223.10M,558.70M,203.30M,66.20M,1.223B,204.70M,1.714B,4.884B,106.70M,1.972B,1.151B,3.171B,2.912B,2.020B,204.70M,341.50M,737.90M
LHX,2013-09,-34.20M,337.20M,774.50M,93.50M,309.60M,1.17,1.16,2.000B,1.597B,417.40M,2013-09,656.30M,125.80M,-23.10M,-23.10M,651.90M,93.70M,1.577B,209.60M,566.50M,187.80M,60.40M,1.192B,207.80M,1.630B,4.781B,106.80M,1.890B,1.136B,3.151B,2.891B,2.014B,207.80M,315.10M,702.00M
LHX,2013-06,-58.60M,321.00M,887.80M,158.00M,309.80M,0.51,0.51,2.000B,1.566B,472.10M,2013-06,668.70M,55.50M,-25.70M,-25.70M,653.20M,96.80M,1.577B,171.90M,595.30M,106.80M,36.20M,1.360B,300.20M,1.561B,4.858B,106.90M,1.948B,1.297B,3.297B,2.910B,2.000B,300.20M,339.50M,733.00M
LHX,2013-03,-43.30M,459.00M,803.50M,348.90M,305.90M,0.85,0.85,2.051B,1.628B,400.20M,2013-03,646.30M,94.80M,-26.80M,-26.80M,666.90M,100.20M,1.576B,197.70M,585.30M,170.40M,45.80M,1.204B,202.50M,1.673B,5.076B,109.20M,2.125B,1.442B,3.400B,2.951B,1.958B,202.50M,298.40M,740.60M
LHX,2012-12,10.10M,328.10M,845.40M,50.70M,267.20M,0.43,0.43,2.090B,1.600B,441.50M,2012-12,624.50M,48.50M,-27.10M,-27.10M,666.60M,103.30M,1.879B,228.40M,536.90M,200.20M,61.70M,1.287B,213.10M,1.823B,5.241B,112.40M,2.259B,1.163B,3.415B,2.982B,2.252B,213.10M,299.00M,737.80M
LHX,2012-09,14.80M,326.80M,848.30M,95.20M,223.90M,-0.77,-0.77,2.115B,1.575B,413.20M,2012-09,646.80M,-85.80M,-27.40M,-27.40M,668.60M,106.40M,1.883B,215.00M,647.70M,187.60M,59.30M,1.262B,198.20M,1.846B,5.354B,113.00M,2.358B,1.255B,3.501B,2.996B,2.246B,198.20M,341.20M,681.90M
LHX,2012-06,-22.60M,356.00M,939.60M,164.20M,222.30M,1.14,1.13,2.117B,1.534B,496.60M,2012-06,617.80M,129.10M,-27.10M,-27.10M,659.40M,109.50M,1.883B,243.40M,662.60M,216.10M,80.00M,1.436B,253.20M,1.939B,5.593B,112.10M,2.600B,1.414B,3.647B,2.992B,2.232B,253.20M,393.00M,762.20M
LHX,2012-03,11.50M,299.00M,879.80M,354.10M,247.20M,-3.15,-3.15,2.444B,1.650B,489.00M,2012-03,743.00M,-353.20M,-27.50M,-27.50M,701.70M,112.80M,1.883B,247.00M,671.20M,227.60M,73.20M,1.369B,242.00M,1.893B,5.649B,112.60M,2.209B,1.504B,3.748B,3.440B,2.244B,242.00M,346.90M,937.70M
LHX,2011-12,-28.90M,387.00M,856.00M,550.20M,276.70M,1.17,1.16,2.831B,1.803B,454.20M,2011-12,701.30M,133.10M,-28.90M,-28.90M,894.40M,20.90M,1.883B,231.90M,627.60M,205.90M,71.10M,1.310B,222.30M,2.244B,6.172B,112.60M,2.228B,1.661B,3.920B,3.944B,2.258B,222.30M,348.10M,911.60M
LHX,2011-09,-18.60M,305.40M,893.90M,565.40M,228.90M,1.01,1.01,2.841B,1.784B,442.20M,2011-09,690.50M,121.60M,-27.20M,-27.20M,906.00M,23.10M,1.887B,218.80M,751.70M,192.30M,61.70M,1.336B,223.40M,2.160B,6.131B,113.00M,2.182B,1.726B,3.962B,3.949B,2.236B,223.40M,428.80M,936.90M
LHX,2011-06,18.70M,366.90M,816.40M,184.90M,232.80M,1.06,1.06,2.884B,1.716B,346.60M,2011-06,720.80M,133.50M,-23.50M,-23.50M,872.80M,120.90M,1.887B,239.80M,746.60M,216.00M,78.70M,1.163B,106.80M,2.502B,6.173B,123.10M,2.217B,1.430B,3.661B,3.956B,2.230B,106.80M,450.80M,893.80M
LHX,2011-03,17.60M,885.10M,896.60M,186.60M,223.50M,1.1,1.09,2.379B,1.574B,516.20M,2011-03,693.90M,139.50M,-25.80M,-25.80M,758.80M,126.60M,1.887B,235.20M,678.10M,209.10M,67.50M,1.413B,281.00M,2.484B,6.029B,125.00M,2.633B,1.310B,3.533B,3.396B,2.223B,281.00M,382.60M,826.80M
LHX,2010-12,-3.10M,740.80M,940.50M,30.70M,190.90M,1.19,1.18,2.332B,1.489B,498.00M,2010-12,651.90M,151.10M,-20.00M,-20.00M,706.90M,0,1.876B,242.80M,640.70M,221.90M,70.80M,1.438B,255.20M,2.388B,5.667B,125.80M,2.370B,1.069B,3.279B,3.297B,2.210B,255.20M,362.70M,759.40M
