Ticker,Date,Accrued Comprehensive Inc,Cash and Short Term Investments,Cost of Goods Sold,Current Debt & Capital Lease Obligation,Current Deferred Liabilities,EPS Basic,EPS Diluted,Goodwill and Intangibles,Gross PP&E,Gross Profit,Income (Quarterly),Inventories,Net Income,Net Non-Operating Interest Income Expense,Net Operating Interest Income,Net PP&E,Non-Current Deferred Liabilities,Non-Current Portion of LTD and Capital Lease Obligation,Operating Income,Payables and Accrued Expenses,Pre-Tax Income,Provision for Income Taxes,Revenue,SG&A Expense,Shareholders Equity,Total Assets,Total Capital Stock,Total Current Assets,Total Current Liabilities,Total Liabilities,Total Long Term Assets,Total Long Term Liabilities,Total Operating Expenses,Total Payables,Total Receivables
LKQ,2020-12,-99.01M,312.15M,1.784B,280.31M,0,0.6,0.6,5.406B,3.497B,1.170B,2020-12,2.415B,181.01M,-13.26M,-13.26M,2.602B,291.42M,4.011B,282.46M,1.476B,246.87M,68.71M,2.954B,814.99M,5.656B,12.36B,3.208M,4.034B,1.988B,6.689B,8.327B,4.701B,887.39M,932.41M,1.073B
LKQ,2020-09,-209.72M,421.38M,1.849B,316.51M,0,0.64,0.64,5.273B,2.488B,1.199B,2020-09,2.246B,193.48M,-25.18M,-25.18M,2.488B,304.90M,4.132B,315.99M,1.401B,268.33M,78.51M,3.048B,813.89M,5.388B,12.16B,3.208M,4.103B,1.926B,6.746B,8.059B,4.819B,882.55M,847.73M,1.175B
LKQ,2020-06,-279.76M,476.43M,1.615B,309.38M,0,0.39,0.39,5.176B,2.469B,1.011B,2020-06,2.288B,118.79M,-25.62M,-25.62M,2.469B,299.87M,4.270B,207.89M,1.469B,163.01M,41.87M,2.626B,737.37M,5.119B,12.04B,3.205M,4.107B,1.950B,6.887B,7.928B,4.938B,803.12M,1.031B,1.126B
LKQ,2020-03,-313.90M,332.78M,1.787B,309.96M,0,0.47,0.47,5.154B,2.472B,1.214B,2020-03,2.719B,145.14M,-25.93M,-25.93M,2.472B,300.12M,4.777B,248.57M,1.398B,206.79M,60.41M,3.001B,899.81M,4.958B,12.35B,3.204M,4.443B,1.939B,7.367B,7.911B,5.428B,965.31M,893.81M,1.169B
LKQ,2019-12,-200.88M,523.02M,1.814B,547.89M,0,0.46,0.46,5.257B,3.351B,1.196B,2019-12,2.773B,140.39M,19.99M,19.99M,2.543B,310.13M,4.853B,225.32M,1.412B,189.57M,50.21M,3.010B,893.28M,5.009B,12.78B,3.199M,4.688B,2.179B,7.731B,8.092B,5.553B,970.70M,942.80M,1.131B
LKQ,2019-09,-260.75M,433.39M,1.947B,353.72M,0,0.5,0.49,5.147B,2.487B,1.200B,2019-09,2.582B,152.26M,-32.10M,-32.10M,2.487B,296.20M,4.867B,236.69M,1.487B,205.33M,57.75M,3.148B,892.12M,4.818B,12.41B,3.196M,4.484B,2.054B,7.539B,7.928B,5.485B,963.64M,997.87M,1.223B
LKQ,2019-06,-188.55M,375.97M,2.001B,352.14M,0,0.48,0.48,5.290B,2.501B,1.247B,2019-06,2.650B,150.56M,-35.88M,-35.88M,2.501B,303.18M,5.042B,277.98M,1.513B,205.96M,55.82M,3.248B,898.37M,4.840B,12.70B,3.19M,4.632B,2.107B,7.794B,8.072B,5.688B,969.20M,1.032B,1.286B
LKQ,2019-03,-190.85M,316.07M,1.892B,352.46M,0,0.31,0.31,5.244B,2.486B,1.208B,2019-03,2.692B,98.05M,-36.09M,-36.09M,2.486B,305.77M,5.203B,240.73M,1.414B,190.16M,51.55M,3.100B,896.53M,4.799B,12.67B,3.189M,4.645B,1.971B,7.809B,8.021B,5.838B,967.53M,952.69M,1.353B
LKQ,2018-12,-174.95M,331.76M,1.841B,121.83M,0,0.12,0.12,5.310B,1.906B,1.162B,2018-12,2.836B,36.05M,-13.23M,-13.23M,1.220B,311.43M,4.189B,203.27M,1.403B,123.57M,34.97M,3.003B,880.65M,4.782B,11.39B,3.184M,4.521B,1.690B,6.555B,6.872B,4.864B,958.54M,942.40M,1.154B
LKQ,2018-09,-134.79M,341.35M,1.925B,118.36M,0,0.42,0.42,5.429B,1.892B,1.197B,2018-09,2.795B,134.10M,-40.86M,-40.86M,1.201B,325.54M,4.250B,241.35M,1.453B,200.83M,46.07M,3.122B,879.15M,4.840B,11.59B,3.182M,4.593B,1.736B,6.688B,6.992B,4.952B,955.85M,941.75M,1.256B
LKQ,2018-06,-116.06M,345.20M,1.869B,177.37M,0,0.5,0.5,5.395B,1.850B,1.162B,2018-06,2.718B,157.01M,-38.27M,-38.27M,1.188B,332.60M,4.261B,272.67M,1.458B,218.10M,60.78M,3.031B,826.04M,4.719B,11.55B,3.178M,4.594B,1.788B,6.772B,6.955B,4.983B,889.21M,981.64M,1.302B
LKQ,2018-03,-14.62M,245.68M,1.667B,142.28M,0,0.49,0.49,4.313B,1.519B,1.054B,2018-03,2.401B,152.96M,-28.52M,-28.52M,929.76M,242.23M,3.171B,230.62M,1.192B,200.94M,49.58M,2.721B,766.89M,4.407B,9.636B,3.096M,4.039B,1.475B,5.217B,5.597B,3.742B,823.35M,812.66M,1.212B
LKQ,2017-12,-70.48M,279.77M,1.522B,126.36M,0,0.39,0.39,4.280B,1.307B,947.64M,2017-12,2.381B,124.17M,-4.109M,-4.109M,913.09M,252.36M,3.278B,174.94M,1.151B,150.20M,29.35M,2.470B,712.34M,4.198B,9.367B,3.091M,3.822B,1.323B,5.160B,5.545B,3.837B,772.71M,788.61M,1.027B
LKQ,2017-09,-97.61M,275.08M,1.509B,126.89M,0,0.4,0.39,3.995B,1.541B,956.88M,2017-09,2.236B,122.38M,-25.22M,-25.22M,867.97M,241.54M,3.022B,204.02M,1.124B,177.90M,58.19M,2.466B,695.98M,4.041B,8.864B,3.09M,3.668B,1.302B,4.823B,5.196B,3.521B,752.86M,749.85M,1.022B
LKQ,2017-06,-154.27M,303.54M,1.493B,96.86M,0,0.49,0.49,3.787B,0,965.01M,2017-06,2.063B,150.91M,-24.60M,-24.60M,841.61M,225.26M,2.891B,247.09M,1.078B,225.78M,75.86M,2.458B,664.27M,3.857B,8.431B,3.086M,3.501B,1.222B,4.574B,4.930B,3.353B,717.92M,724.20M,1.001B
LKQ,2017-03,-245.64M,264.61M,1.413B,91.99M,0,0.44,0.44,3.697B,0,930.09M,2017-03,1.978B,136.28M,-23.99M,-23.99M,809.21M,221.50M,2.933B,238.62M,984.11M,212.75M,72.16M,2.343B,642.82M,3.607B,8.122B,3.083M,3.318B,1.160B,4.515B,4.804B,3.356B,691.47M,651.12M,973.67M
LKQ,2016-12,-267.18M,227.40M,1.320B,66.11M,0,0.28,0.28,3.639B,0,830.01M,2016-12,1.935B,86.33M,-22.01M,-22.01M,811.58M,199.66M,3.276B,168.83M,961.63M,143.71M,47.34M,2.150B,1.123B,3.443B,8.303B,3.075M,3.568B,1.211B,4.860B,4.736B,3.649B,661.18M,633.77M,860.55M
LKQ,2016-09,-190.67M,271.85M,1.352B,74.83M,0,0.4,0.4,3.736B,0,855.44M,2016-09,1.913B,122.69M,-24.76M,-24.76M,1.024B,226.68M,3.189B,190.32M,1.028B,159.65M,49.84M,2.207B,430.90M,3.427B,8.204B,3.074M,3.296B,1.149B,4.777B,4.908B,3.627B,665.12M,682.72M,959.32M
LKQ,2016-06,-181.50M,273.20M,1.399B,60.83M,0,0.47,0.46,3.690B,0,905.82M,2016-06,1.891B,142.78M,-24.65M,-24.65M,1.055B,225.34M,3.275B,241.52M,1.067B,208.26M,70.26M,2.305B,434.41M,3.308B,8.186B,3.067M,3.298B,1.168B,4.878B,4.888B,3.710B,664.29M,735.14M,995.15M
LKQ,2016-03,-104.75M,229.22M,1.161B,75.36M,0,0.37,0.36,3.523B,0,760.44M,2016-03,1.783B,112.17M,-14.59M,-14.59M,758.64M,179.40M,2.743B,200.48M,909.57M,165.66M,53.13M,1.921B,370.66M,3.234B,7.357B,3.065M,2.994B,1.049B,4.122B,4.363B,3.073B,559.95M,597.83M,882.58M
LKQ,2015-12,-105.47M,87.40M,1.052B,56.03M,0,0.31,0.31,2.534B,1.135B,697.33M,2015-12,1.557B,95.06M,-11.35M,-11.35M,696.57M,127.24M,1.529B,158.45M,626.58M,139.41M,42.45M,1.749B,363.78M,3.115B,5.648B,3.055M,2.341B,751.97M,2.533B,3.307B,1.781B,538.87M,415.59M,590.16M
LKQ,2015-09,-82.09M,137.09M,1.119B,37.17M,0,0.33,0.33,2.568B,1.004B,712.78M,2015-09,1.465B,101.35M,-14.72M,-14.72M,652.78M,175.31M,1.570B,171.32M,696.43M,154.95M,52.48M,1.832B,366.66M,3.037B,5.704B,3.054M,2.387B,797.70M,2.667B,3.317B,1.870B,541.46M,416.34M,626.78M
LKQ,2015-06,-49.22M,143.42M,1.114B,39.38M,0,0.39,0.39,2.515B,840.83M,723.94M,2015-06,1.402B,119.72M,-14.62M,-14.62M,650.05M,178.52M,1.652B,201.95M,645.70M,185.57M,64.68M,1.838B,355.84M,2.954B,5.635B,3.044M,2.373B,726.36M,2.680B,3.262B,1.954B,522.00M,392.95M,651.27M
LKQ,2015-03,-94.62M,175.49M,1.074B,62.30M,0,0.35,0.35,2.467B,0,699.48M,2015-03,1.358B,107.10M,-14.91M,-14.91M,621.57M,177.37M,1.672B,192.41M,687.51M,169.10M,60.10M,1.774B,344.96M,2.780B,5.522B,3.042M,2.337B,772.31M,2.743B,3.185B,1.970B,507.06M,434.69M,645.04M
LKQ,2014-12,-40.22M,114.60M,1.020B,61.94M,0,0.27,0.26,2.534B,0,664.56M,2014-12,1.434B,80.47M,-13.52M,-13.52M,629.99M,106.94M,1.784B,148.24M,614.00M,129.71M,48.34M,1.684B,344.44M,2.721B,5.476B,3.035M,2.236B,744.50M,2.755B,3.240B,2.011B,516.32M,400.20M,601.42M
LKQ,2014-09,-2.032M,244.65M,1.057B,72.91M,0,0.3,0.3,2.478B,0,664.41M,2014-09,1.341B,91.52M,-16.39M,-16.39M,612.29M,159.27M,1.825B,159.78M,664.60M,139.80M,47.56M,1.721B,340.80M,2.668B,5.535B,3.03M,2.346B,771.39M,2.867B,3.189B,2.095B,504.63M,448.68M,609.43M
LKQ,2014-06,36.51M,109.56M,1.038B,71.49M,0,0.35,0.34,2.539B,0,671.06M,2014-06,1.347B,104.88M,-15.63M,-15.63M,621.60M,160.45M,1.880B,179.50M,641.29M,159.66M,54.34M,1.709B,333.13M,2.603B,5.499B,3.022M,2.241B,750.21M,2.896B,3.258B,2.146B,491.56M,443.66M,624.30M
LKQ,2014-03,20.20M,113.25M,973.89M,35.11M,0,0.35,0.34,2.427B,0,651.88M,2014-03,1.256B,104.65M,-16.12M,-16.12M,593.87M,162.00M,1.696B,177.16M,655.86M,158.71M,54.02M,1.626B,321.86M,2.471B,5.210B,3.018M,2.093B,775.92M,2.739B,3.116B,1.963B,474.73M,412.02M,577.21M
LKQ,2013-12,20.01M,150.49M,771.02M,41.54M,0,0.26,0.26,2.091B,0,545.67M,2013-12,1.077B,77.86M,-12.77M,-12.77M,546.65M,133.82M,1.264B,136.60M,547.84M,118.58M,40.71M,1.317B,272.35M,2.351B,4.519B,3.008M,1.800B,677.95M,2.168B,2.719B,1.490B,409.07M,349.07M,458.09M
LKQ,2013-09,11.08M,107.34M,780.19M,61.12M,0,0.24,0.24,2.075B,0,517.91M,2013-09,1.018B,73.44M,-15.20M,-15.20M,531.90M,118.69M,1.251B,125.60M,514.38M,109.04M,35.60M,1.298B,263.14M,2.254B,4.361B,3.005M,1.676B,642.51M,2.107B,2.685B,1.464B,392.31M,301.37M,438.80M
LKQ,2013-06,-18.06M,161.59M,741.88M,64.96M,8.713M,0.25,0.25,1.975B,725.51M,509.87M,2013-06,972.93M,75.72M,-12.49M,-12.49M,515.35M,118.04M,1.312B,135.06M,437.18M,116.44M,40.72M,1.252B,252.60M,2.138B,4.218B,2.998M,1.658B,559.11M,2.081B,2.560B,1.522B,374.82M,273.32M,413.22M
LKQ,2013-03,-17.49M,63.00M,694.05M,79.53M,8.869M,0.28,0.28,1.776B,604.05M,501.95M,2013-03,883.44M,84.59M,-8.595M,-8.595M,492.48M,101.90M,987.98M,143.09M,364.68M,131.77M,47.18M,1.196B,240.91M,2.041B,3.723B,2.985M,1.400B,504.74M,1.681B,2.323B,1.177B,358.86M,216.52M,357.58M
LKQ,2012-12,0.759M,59.77M,622.79M,71.72M,9.245M,0.21,0.21,1.797B,0,445.12M,2012-12,900.80M,62.19M,-4.456M,-4.456M,494.38M,102.28M,1.047B,104.54M,356.90M,96.62M,34.43M,1.068B,229.57M,1.964B,3.723B,2.978M,1.384B,487.94M,1.759B,2.339B,1.271B,340.58M,222.08M,311.81M
LKQ,2012-09,-0.676M,69.21M,607.00M,52.10M,0,0.18,0.18,1.707B,0,409.70M,2012-09,826.35M,54.05M,-7.964M,-7.964M,453.27M,89.49M,929.74M,91.55M,311.52M,83.25M,29.20M,1.017B,214.70M,1.889B,3.503B,2.97M,1.296B,464.52M,1.614B,2.206B,1.149B,318.16M,226.26M,301.89M
LKQ,2012-06,-9.616M,59.35M,584.60M,46.38M,0,0.22,0.21,1.684B,0,421.93M,2012-06,798.81M,64.00M,-7.356M,-7.356M,443.56M,88.78M,954.07M,110.76M,312.83M,101.20M,37.20M,1.007B,213.62M,1.814B,3.425B,1.48M,1.253B,445.32M,1.612B,2.172B,1.166B,311.17M,232.03M,309.45M
LKQ,2012-03,-0.104M,55.17M,584.39M,40.50M,0,0.28,0.27,1.608B,0,447.38M,2012-03,736.64M,80.99M,-7.367M,-7.367M,430.78M,89.16M,856.07M,133.86M,320.60M,128.10M,47.11M,1.032B,213.53M,1.745B,3.260B,1.474M,1.174B,457.07M,1.515B,2.086B,1.058B,313.53M,241.39M,310.55M
LKQ,2011-12,-8.961M,48.25M,547.84M,29.52M,0,0.19,0.19,1.585B,0,391.79M,2011-12,736.85M,56.14M,-5.848M,-5.848M,424.10M,88.80M,926.55M,92.40M,349.16M,84.22M,28.07M,939.63M,-9.058M,1.644B,3.200B,2.939M,1.150B,397.69M,1.556B,2.050B,1.158B,299.39M,218.14M,281.76M
LKQ,2011-09,-7.339M,45.11M,449.58M,18.92M,0,0.17,0.17,1.192B,0,334.32M,2011-09,605.66M,49.23M,-4.847M,-4.847M,371.16M,61.83M,613.69M,88.40M,126.42M,80.02M,30.79M,783.90M,233.61M,1.580B,2.538B,1.465M,936.59M,227.53M,958.29M,1.601B,730.76M,245.92M,84.50M,231.15M
LKQ,2011-06,5.267M,42.26M,437.45M,15.52M,0,0.16,0.16,1.132B,0,322.24M,2011-06,556.54M,46.71M,-4.671M,-4.671M,358.44M,64.83M,570.84M,80.86M,133.36M,75.81M,29.11M,759.68M,229.63M,1.536B,2.418B,1.462M,890.38M,193.47M,882.01M,1.527B,688.54M,241.37M,78.64M,236.63M
LKQ,2011-03,8.993M,64.52M,443.00M,14.82M,0,0.2,0.195,1.125B,0,343.65M,2011-03,514.89M,58.18M,-6.409M,-6.409M,342.18M,67.58M,544.45M,107.42M,145.93M,95.72M,37.54M,786.65M,225.39M,1.485B,2.355B,1.459M,852.12M,208.27M,870.01M,1.503B,661.74M,236.23M,96.13M,222.58M
