Ticker,Date,Accrued Comprehensive Inc,Cash and Short Term Investments,Current Debt & Capital Lease Obligation,EPS Basic,EPS Diluted,Goodwill and Intangibles,Income (Quarterly),Net Income,Net Loan Assets,Net Non-Operating Interest Income Expense,Net Operating Interest Income,Net PP&E,Non-Current Deferred Liabilities,Non-Current Portion of LTD and Capital Lease Obligation,Payables and Accrued Expenses,Pre-Tax Income,Provision for Income Taxes,Revenue,SG&A Expense,Shareholders Equity,Total Assets,Total Capital Stock,Total Current Assets,Total Current Liabilities,Total Liabilities,Total Long Term Assets,Total Long Term Liabilities,Total Operating Expenses,Total Payables,Total Receivables
LNC,2020-12,8.931B,124.75B,250.00M,0.7435,0.74,1.778B,2020-12,143.00M,19.19B,-160.00M,-160.00M,0,1.00M,6.432B,6.222B,89.00M,-54.00M,4.136B,0,22.70B,365.95B,5.082B,144.84B,6.472B,343.25B,165.13B,8.77B,344.00M,6.222B,16.98B
LNC,2020-09,7.809B,120.85B,0,2.06,2.01,1.778B,2020-09,398.00M,19.07B,-66.00M,-66.00M,0,0,6.714B,6.435B,460.00M,62.00M,5.361B,0,21.55B,347.80B,5.093B,141.19B,6.435B,326.26B,160.06B,8.958B,20.00M,6.435B,17.11B
LNC,2020-06,7.323B,117.72B,0,-0.49,-0.49,1.778B,2020-06,-94.00M,19.13B,-84.00M,-84.00M,0,0,6.736B,7.031B,-161.00M,-67.00M,3.517B,0,20.73B,339.66B,5.081B,138.03B,7.031B,318.93B,155.60B,8.848B,14.00M,7.031B,17.36B
LNC,2020-03,3.004B,108.81B,0,0.27,0.15,1.778B,2020-03,52.00M,19.36B,-68.00M,-68.00M,0,0,6.748B,8.434B,34.00M,-18.00M,4.425B,0,16.58B,318.65B,5.071B,130.85B,8.434B,302.07B,144.63B,8.591B,12.00M,8.434B,17.48B
LNC,2019-12,5.673B,107.76B,550.00M,2.186,2.15,1.778B,2019-12,432.00M,18.82B,-160.00M,-160.00M,0,0,5.817B,5.082B,481.00M,49.00M,4.345B,0,19.69B,334.76B,5.162B,127.28B,5.632B,315.07B,147.28B,7.954B,362.00M,5.082B,17.61B
LNC,2019-09,6.248B,106.60B,300.00M,-0.81,-0.83,1.778B,2019-09,-161.00M,18.42B,-113.00M,-113.00M,0,0,6.07B,5.528B,-250.00M,-89.00M,4.638B,0,20.00B,325.28B,5.192B,126.59B,5.828B,305.28B,145.19B,8.226B,16.00M,5.528B,17.79B
LNC,2019-06,4.336B,103.05B,300.00M,1.8,1.79,1.778B,2019-06,363.00M,17.57B,-70.00M,-70.00M,0,0,5.621B,5.632B,421.00M,58.00M,4.31B,0,18.46B,322.26B,5.241B,122.59B,5.932B,303.80B,140.55B,7.727B,15.00M,5.632B,18.03B
LNC,2019-03,2.453B,99.64B,300.00M,1.23,1.22,1.778B,2019-03,252.00M,16.50B,-71.00M,-71.00M,0,0,5.572B,5.362B,268.00M,16.00M,3.965B,0,16.42B,314.30B,5.285B,118.89B,5.662B,297.88B,136.71B,7.511B,15.00M,5.362B,18.27B
LNC,2018-12,407.00M,96.37B,0,1.88,1.8,1.782B,2018-12,399.00M,15.77B,-153.00M,-153.00M,0,0,5.839B,4.805B,467.00M,68.00M,4.531B,0,14.35B,298.15B,5.392B,115.79B,4.805B,283.80B,129.89B,7.582B,340.00M,4.805B,18.32B
LNC,2018-09,836.00M,94.62B,0,2.27,2.24,1.757B,2018-09,490.00M,15.06B,-69.00M,-69.00M,0,0,5.804B,4.212B,532.00M,42.00M,4.264B,0,15.07B,303.85B,5.619B,114.19B,4.212B,288.78B,121.74B,7.558B,18.00M,4.212B,18.86B
LNC,2018-06,1.201B,94.84B,0,1.76,1.7,1.75B,2018-06,385.00M,14.74B,-68.00M,-68.00M,0,1.00M,5.826B,4.699B,451.00M,66.00M,4.02B,0,15.18B,298.83B,5.674B,113.97B,4.699B,283.66B,120.60B,7.563B,16.00M,4.699B,18.55B
LNC,2018-03,2.233B,94.32B,250.00M,1.68,1.64,1.368B,2018-03,367.00M,13.45B,-91.00M,-91.00M,0,1.00M,5.648B,4.265B,435.00M,68.00M,3.609B,0,15.98B,279.24B,5.70B,100.63B,4.515B,263.25B,115.43B,7.409B,15.00M,4.265B,5.489B
LNC,2017-12,3.23B,96.71B,450.00M,3.742,3.67,1.368B,2017-12,815.00M,13.17B,-150.00M,-150.00M,0,2.00M,4.894B,4.417B,-388.00M,-1.203B,3.669B,0,17.32B,281.76B,5.693B,102.93B,4.867B,264.44B,117.92B,6.712B,255.00M,4.417B,5.303B
LNC,2017-09,2.859B,96.03B,450.00M,1.89,1.87,2.273B,2017-09,418.00M,12.81B,-63.00M,-63.00M,0,2.00M,4.90B,4.968B,510.00M,92.00M,3.511B,0,16.31B,276.78B,5.717B,102.43B,5.418B,260.47B,116.93B,6.772B,10.00M,4.968B,5.432B
LNC,2017-06,2.711B,95.27B,450.00M,1.84,1.81,2.273B,2017-06,411.00M,12.46B,-63.00M,-63.00M,0,6.00M,4.901B,4.952B,533.00M,122.00M,3.577B,0,16.00B,271.65B,5.774B,101.91B,5.402B,255.66B,115.41B,6.818B,14.00M,4.952B,5.593B
LNC,2017-03,1.847B,93.30B,200.00M,1.93,1.89,2.273B,2017-03,435.00M,12.46B,-64.00M,-64.00M,0,24.00M,5.133B,5.086B,475.00M,40.00M,3.50B,0,14.97B,267.47B,5.839B,100.09B,5.286B,252.50B,113.54B,7.15B,9.00M,5.086B,5.798B
LNC,2016-12,1.566B,92.21B,0,0.8395,0.82,2.273B,2016-12,190.00M,12.36B,-209.00M,-209.00M,0,43.00M,5.345B,4.995B,196.00M,6.00M,3.254B,0,14.48B,261.63B,5.869B,98.83B,4.995B,247.15B,111.46B,7.398B,0,4.995B,5.695B
LNC,2016-09,3.377B,96.95B,250.00M,2.02,2,2.273B,2016-09,467.00M,11.92B,-66.00M,-66.00M,0,61.00M,5.457B,5.654B,612.00M,145.00M,3.525B,0,16.32B,266.60B,5.909B,104.91B,5.904B,250.28B,115.29B,7.636B,0,5.654B,5.787B
LNC,2016-06,3.195B,96.45B,250.00M,1.37,1.35,2.273B,2016-06,325.00M,11.78B,-68.00M,-68.00M,0,79.00M,5.46B,6.297B,414.00M,89.00M,3.307B,0,15.92B,263.03B,6.009B,104.97B,6.547B,247.11B,113.97B,7.674B,0,6.297B,5.91B
LNC,2016-03,1.931B,92.08B,0,0.87,0.83,2.273B,2016-03,211.00M,11.47B,-68.00M,-68.00M,0,0,5.65B,5.017B,235.00M,24.00M,3.243B,0,14.66B,255.72B,6.162B,100.17B,5.017B,241.06B,108.81B,6.437B,0,5.017B,5.998B
LNC,2015-12,845.00M,88.94B,0,1.161,1.14,2.273B,2015-12,283.00M,11.24B,-141.00M,-141.00M,0,98.00M,5.553B,4.657B,352.00M,69.00M,3.172B,0,13.62B,251.91B,6.298B,96.48B,4.657B,238.29B,105.25B,6.376B,0,4.657B,5.999B
LNC,2015-09,1.663B,90.12B,0,0.91,0.87,2.273B,2015-09,227.00M,11.10B,-67.00M,-67.00M,0,116.00M,5.604B,5.297B,268.00M,41.00M,3.716B,0,14.40B,249.53B,6.38B,98.08B,5.297B,235.13B,105.72B,6.512B,0,5.297B,5.942B
LNC,2015-06,1.944B,88.57B,250.00M,1.37,1.35,2.273B,2015-06,344.00M,10.85B,-69.00M,-69.00M,0,134.00M,5.529B,4.587B,449.00M,105.00M,3.381B,0,14.70B,255.21B,6.469B,95.94B,4.587B,240.52B,105.61B,6.501B,0,4.587B,6.023B
LNC,2015-03,3.653B,93.11B,250.00M,1.17,1.15,2.273B,2015-03,300.00M,10.34B,-68.00M,-68.00M,0,153.00M,5.627B,5.046B,362.00M,62.00M,3.304B,0,16.22B,258.48B,6.493B,101.25B,5.296B,242.26B,107.86B,6.662B,0,5.046B,6.05B
LNC,2014-12,3.096B,90.99B,250.00M,1.356,1.32,2.273B,2014-12,349.00M,10.26B,-134.00M,-134.00M,0,171.00M,5.27B,4.409B,433.00M,85.00M,3.685B,0,15.74B,253.38B,6.622B,99.05B,4.659B,237.64B,105.16B,6.355B,0,4.409B,6.203B
LNC,2014-09,2.922B,88.00B,250.00M,1.69,1.65,2.273B,2014-09,439.00M,10.16B,-67.00M,-67.00M,0,190.00M,5.186B,3.853B,601.00M,162.00M,3.411B,0,15.45B,248.45B,6.696B,95.79B,4.103B,232.99B,104.92B,6.323B,0,3.853B,6.354B
LNC,2014-06,3.199B,87.87B,0,1.52,1.48,2.273B,2014-06,398.00M,9.811B,-67.00M,-67.00M,0,208.00M,5.17B,3.571B,537.00M,139.00M,3.282B,0,15.45B,249.12B,6.739B,95.49B,3.821B,233.67B,105.31B,6.375B,0,3.571B,6.472B
LNC,2014-03,2.453B,85.64B,500.00M,1.25,1.21,2.273B,2014-03,329.00M,9.818B,-67.00M,-67.00M,0,226.00M,5.38B,3.519B,427.00M,98.00M,3.176B,0,14.49B,241.95B,6.805B,93.17B,3.519B,227.46B,102.79B,6.584B,0,3.519B,6.488B
LNC,2013-12,1.563B,83.34B,503.00M,1.335,1.29,2.273B,2013-12,351.00M,9.934B,-133.00M,-133.00M,0,245.00M,5.32B,3.238B,466.00M,115.00M,3.122B,0,13.45B,236.94B,6.876B,90.68B,3.738B,223.49B,98.97B,6.54B,0,3.238B,6.461B
LNC,2013-09,1.75B,83.67B,0,1.28,1.23,2.273B,2013-09,337.00M,9.862B,-67.00M,-67.00M,0,263.00M,5.365B,3.553B,442.00M,105.00M,3.009B,0,13.39B,229.92B,6.886B,91.74B,4.056B,216.54B,99.00B,6.647B,0,3.553B,6.955B
LNC,2013-06,1.893B,83.72B,506.00M,1.19,1.15,2.273B,2013-06,317.00M,9.793B,-65.00M,-65.00M,0,282.00M,5.05B,4.252B,418.00M,101.00M,2.999B,-975.00M,13.32B,223.32B,6.937B,92.21B,4.758B,210.00B,99.04B,6.389B,-975.00M,4.252B,6.815B
LNC,2013-03,3.581B,86.67B,706.00M,0.89,0.86,2.273B,2013-03,239.00M,9.849B,-64.00M,-64.00M,0,301.00M,4.889B,4.107B,305.00M,66.00M,2.839B,1.024B,14.86B,224.34B,7.043B,95.87B,4.813B,209.48B,101.58B,6.315B,1.024B,4.107B,6.929B
LNC,2012-12,3.808B,87.13B,200.00M,1.179,1.14,2.273B,2012-12,321.00M,9.86B,-126.00M,-126.00M,0,319.00M,5.439B,4.181B,400.00M,79.00M,2.973B,674.00M,14.97B,218.87B,7.121B,96.61B,4.381B,203.90B,101.00B,6.913B,674.00M,4.181B,6.829B
LNC,2012-09,4.15B,5.496B,200.00M,1.54,1.51,2.273B,2012-09,428.00M,9.47B,-68.00M,-68.00M,0,338.00M,5.494B,5.553B,418.00M,18.00M,2.954B,0,15.24B,215.46B,0,8.934B,5.753B,200.22B,100.90B,6.047B,0,5.553B,366.00M
LNC,2012-06,3.379B,6.298B,300.00M,1.14,1.09,2.273B,2012-06,321.00M,9.633B,-68.00M,-68.00M,0,356.00M,5.719B,6.069B,442.00M,121.00M,2.898B,0,14.18B,211.11B,7.31B,10.08B,6.369B,196.93B,98.98B,6.26B,0,6.069B,388.00M
LNC,2012-03,2.622B,4.559B,300.00M,0.84,0.82,2.273B,2012-03,243.00M,9.78B,-68.00M,-68.00M,0,375.00M,5.606B,3.918B,308.00M,64.00M,2.71B,0,13.26B,208.02B,7.448B,7.24B,4.218B,194.76B,96.18B,6.139B,0,3.918B,437.00M
LNC,2011-12,2.68B,80.78B,300.00M,-1.76,-1.76,2.273B,2011-12,-549.00M,9.963B,-118.00M,-118.00M,0,394.00M,5.391B,3.733B,-489.00M,60.00M,2.568B,0,13.10B,201.49B,7.59B,90.87B,4.033B,188.39B,94.59B,6.998B,0,3.733B,6.934B
LNC,2011-09,2.463B,5.938B,550.00M,0.5,0.47,3.019B,2011-09,153.00M,9.767B,-79.00M,-79.00M,0,412.00M,5.348B,4.927B,155.00M,-6.00M,2.547B,0,14.92B,197.75B,7.792B,9.35B,5.477B,182.83B,95.36B,5.937B,0,4.927B,383.00M
LNC,2011-06,1.112B,3.913B,251.00M,0.98,0.95,3.019B,2011-06,304.00M,9.748B,-72.00M,-72.00M,0,431.00M,5.729B,2.912B,409.00M,105.00M,2.807B,0,13.59B,201.55B,7.938B,5.38B,3.163B,187.97B,91.36B,6.279B,0,2.912B,370.00M
LNC,2011-03,783.00M,3.245B,351.00M,1,0.97,3.019B,2011-03,314.00M,9.586B,-72.00M,-72.00M,0,450.00M,5.37B,2.689B,429.00M,115.00M,2.718B,0,13.09B,198.32B,8.064B,4.592B,3.04B,185.23B,89.49B,5.911B,0,2.689B,401.00M
