Ticker,Date,Accrued Comprehensive Inc,Cash and Short Term Investments,Cost of Goods Sold,Current Debt & Capital Lease Obligation,Current Deferred Liabilities,EPS Basic,EPS Diluted,Goodwill and Intangibles,Gross PP&E,Gross Profit,Income (Quarterly),Inventories,Net Income,Net Non-Operating Interest Income Expense,Net Operating Interest Income,Net PP&E,Non-Current Deferred Liabilities,Non-Current Portion of LTD and Capital Lease Obligation,Operating Income,Payables and Accrued Expenses,Pre-Tax Income,Provision for Income Taxes,Revenue,SG&A Expense,Shareholders Equity,Total Assets,Total Capital Stock,Total Current Assets,Total Current Liabilities,Total Liabilities,Total Long Term Assets,Total Long Term Liabilities,Total Operating Expenses,Total Payables,Total Receivables
LOW,2021-01,-136.00M,4.69B,13.86B,1.653B,1.608B,1.33,1.32,311.00M,40.53B,6.456B,2021-01,16.19B,978.00M,-204.00M,-204.00M,22.99B,1.019B,24.56B,1.524B,12.12B,1.32B,342.00M,20.31B,4.541B,1.437B,46.74B,366.00M,22.33B,18.73B,45.30B,24.41B,26.57B,4.932B,11.87B,0
LOW,2020-10,-245.00M,8.249B,15.01B,1.139B,1.614B,0.92,0.91,303.00M,22.51B,7.30B,2020-10,15.71B,692.00M,-221.00M,-221.00M,22.51B,1.007B,25.09B,2.175B,12.76B,894.00M,202.00M,22.31B,4.77B,4.073B,50.88B,376.00M,26.92B,19.56B,46.81B,23.96B,27.24B,5.125B,12.76B,0
LOW,2020-07,-285.00M,11.64B,18.00B,2.129B,1.715B,3.74,3.74,303.00M,22.41B,9.304B,2020-07,13.83B,2.828B,-219.00M,-219.00M,22.41B,981.00M,24.06B,3.957B,12.92B,3.738B,910.00M,27.30B,5.02B,4.356B,51.76B,378.00M,27.72B,21.37B,47.41B,24.05B,26.04B,5.347B,12.92B,0
LOW,2020-04,-393.00M,5.955B,13.16B,2.11B,1.212B,1.76,1.76,303.00M,39.78B,6.513B,2020-04,14.28B,1.337B,-205.00M,-205.00M,22.38B,915.00M,24.12B,1.991B,10.84B,1.786B,449.00M,19.68B,4.196B,1.716B,45.83B,377.00M,21.93B,18.32B,44.12B,23.91B,25.79B,4.522B,10.84B,0
LOW,2020-01,-136.00M,716.00M,11.05B,3.039B,1.219B,0.67,0.66,303.00M,39.97B,4.981B,2020-01,13.18B,510.00M,-183.00M,-183.00M,22.66B,894.00M,20.71B,958.00M,8.572B,775.00M,265.00M,16.03B,3.685B,1.972B,39.47B,381.00M,15.32B,15.18B,37.50B,24.15B,22.32B,4.023B,8.351B,0
LOW,2019-10,-164.00M,794.00M,11.75B,1.71B,1.222B,1.36,1.36,303.00M,39.54B,5.64B,2019-10,13.72B,1.049B,-177.00M,-177.00M,22.24B,875.00M,20.58B,1.558B,8.822B,1.381B,332.00M,17.39B,3.772B,2.458B,39.76B,384.00M,15.66B,15.06B,37.31B,24.10B,22.24B,4.082B,8.822B,0
LOW,2019-07,-187.00M,1.796B,14.25B,1.501B,1.324B,2.14,2.14,1.272B,39.57B,6.74B,2019-07,13.73B,1.676B,-169.00M,-169.00M,22.17B,868.00M,20.59B,2.381B,9.499B,2.212B,536.00M,20.99B,4.048B,2.64B,40.70B,388.00M,16.80B,15.84B,38.06B,23.90B,22.22B,4.359B,9.499B,0
LOW,2019-04,-256.00M,2.973B,12.16B,1.508B,1.376B,1.31,1.31,0,39.38B,5.581B,2019-04,15.03B,1.046B,-162.00M,-162.00M,22.08B,837.00M,20.61B,1.417B,11.48B,1.255B,209.00M,17.74B,3.862B,3.236B,43.22B,397.00M,19.34B,17.78B,39.98B,23.88B,22.20B,4.164B,11.48B,0
LOW,2019-01,-209.00M,511.00M,10.75B,1.832B,1.299B,-1.03,-1.03,0,35.86B,4.899B,2019-01,12.56B,-824.00M,-157.00M,-157.00M,18.43B,827.00M,14.39B,-568.00M,9.135B,-725.00M,99.00M,15.65B,5.098B,3.644B,34.51B,401.00M,14.23B,14.50B,30.86B,20.28B,16.37B,5.467B,8.951B,0
LOW,2018-10,-165.00M,1.668B,12.04B,1.117B,1.356B,0.78,0.78,0,36.62B,5.377B,2018-10,12.36B,629.00M,-153.00M,-153.00M,18.92B,827.00M,14.46B,957.00M,9.283B,804.00M,175.00M,17.42B,3.997B,5.394B,36.71B,403.00M,15.14B,15.07B,31.32B,21.58B,16.25B,4.42B,9.283B,0
LOW,2018-07,-142.00M,2.251B,14.00B,894.00M,1.449B,1.86,1.86,1.271B,36.67B,6.885B,2018-07,11.88B,1.52B,-153.00M,-153.00M,19.17B,828.00M,14.94B,2.163B,8.984B,2.01B,490.00M,20.89B,4.386B,5.781B,37.10B,406.00M,15.48B,14.58B,31.32B,21.62B,16.74B,4.722B,8.984B,0
LOW,2018-04,-71.00M,1.565B,11.61B,896.00M,1.439B,1.19,1.19,1.288B,36.90B,5.748B,2018-04,13.20B,988.00M,-160.00M,-160.00M,19.50B,808.00M,14.95B,1.465B,10.10B,1.305B,317.00M,17.36B,3.934B,5.745B,38.24B,411.00M,16.03B,15.77B,32.49B,22.20B,16.72B,4.283B,10.10B,0
LOW,2018-01,11.00M,588.00M,11.24B,1.431B,1.378B,0.67,0.67,1.307B,36.94B,4.251B,2018-01,11.39B,554.00M,-154.00M,-154.00M,19.72B,803.00M,15.56B,1.098B,7.367B,944.00M,390.00M,15.49B,2.829B,5.873B,35.29B,415.00M,12.77B,12.10B,29.42B,22.52B,17.32B,3.153B,7.183B,0
LOW,2017-10,38.00M,743.00M,11.06B,468.00M,1.404B,1.05,1.05,1.327B,36.92B,5.713B,2017-10,12.39B,872.00M,-160.00M,-160.00M,19.82B,794.00M,15.57B,1.547B,8.903B,1.387B,515.00M,16.77B,3.808B,5.742B,36.78B,415.00M,14.01B,13.74B,31.04B,22.77B,17.30B,4.166B,8.903B,0
LOW,2017-07,-136.00M,1.696B,12.82B,296.00M,1.45B,1.68,1.68,1.255B,36.76B,6.67B,2017-07,11.41B,1.419B,-159.00M,-159.00M,19.76B,790.00M,15.79B,2.382B,8.649B,2.223B,804.00M,19.50B,3.931B,5.536B,36.67B,419.00M,14.03B,13.62B,31.13B,22.64B,17.51B,4.288B,8.649B,0
LOW,2017-04,-241.00M,1.963B,11.06B,295.00M,1.415B,0.7,0.7,1.081B,36.65B,5.80B,2017-04,12.25B,602.00M,-161.00M,-161.00M,19.75B,769.00M,15.77B,1.559B,9.905B,934.00M,332.00M,16.86B,3.876B,5.531B,37.61B,426.00M,15.28B,14.69B,32.08B,22.34B,17.40B,4.241B,9.905B,0
LOW,2017-01,-240.00M,558.00M,11.14B,1.305B,1.253B,0.74,0.74,1.082B,36.92B,4.642B,2017-01,10.46B,663.00M,-159.00M,-159.00M,19.95B,763.00M,14.39B,1.269B,7.467B,1.11B,447.00M,15.78B,3.035B,6.434B,34.41B,433.00M,12.00B,11.97B,27.97B,22.41B,16.00B,3.373B,7.273B,0
LOW,2016-10,-214.00M,960.00M,10.33B,800.00M,1.258B,0.43,0.43,1.034B,37.14B,5.407B,2016-10,10.99B,378.00M,-163.00M,-163.00M,20.04B,745.00M,14.40B,939.00M,7.836B,776.00M,397.00M,15.74B,4.084B,6.599B,35.37B,437.00M,12.73B,12.63B,28.66B,22.64B,16.03B,4.468B,7.836B,0
LOW,2016-07,-366.00M,1.988B,11.97B,1.193B,1.285B,1.32,1.31,1.074B,37.07B,6.288B,2016-07,10.60B,1.167B,-166.00M,-166.00M,20.27B,744.00M,14.62B,2.051B,7.696B,1.885B,718.00M,18.26B,3.866B,6.913B,36.47B,440.00M,13.35B,13.18B,29.45B,23.12B,16.27B,4.237B,7.696B,0
LOW,2016-04,-309.00M,4.561B,9.897B,1.083B,1.233B,0.98,0.98,0,36.06B,5.337B,2016-04,11.06B,884.00M,-156.00M,-156.00M,19.46B,726.00M,14.32B,1.586B,8.821B,1.43B,546.00M,15.23B,3.391B,7.212B,37.18B,447.00M,16.47B,14.12B,29.96B,20.70B,15.84B,3.751B,8.821B,0
LOW,2016-01,-394.00M,405.00M,8.648B,1.104B,1.078B,0.01,0.01,154.00M,35.91B,4.588B,2016-01,9.458B,11.00M,-143.00M,-143.00M,19.58B,729.00M,11.54B,438.00M,6.318B,295.00M,284.00M,13.24B,3.771B,7.654B,31.27B,455.00M,10.56B,10.49B,23.61B,20.70B,13.12B,4.15B,6.139B,0
LOW,2015-10,-379.00M,1.227B,9.37B,1.058B,1.084B,0.8,0.8,0,35.86B,4.99B,2015-10,10.43B,736.00M,-141.00M,-141.00M,19.66B,731.00M,11.54B,1.328B,7.338B,1.187B,451.00M,14.36B,3.287B,8.378B,33.66B,459.00M,12.40B,12.16B,25.28B,21.26B,13.12B,3.662B,7.338B,0
LOW,2015-07,-310.00M,901.00M,11.37B,1.014B,1.146B,1.2,1.2,0,35.65B,5.981B,2015-07,9.704B,1.126B,-133.00M,-133.00M,19.75B,739.00M,10.34B,1.972B,7.123B,1.839B,713.00M,17.35B,3.634B,8.687B,32.74B,464.00M,11.37B,12.14B,24.06B,21.38B,11.92B,4.009B,7.123B,0
LOW,2015-04,-81.00M,1.434B,9.117B,1.026B,1.153B,0.7,0.7,0,35.69B,5.012B,2015-04,10.61B,673.00M,-134.00M,-134.00M,19.89B,825.00M,10.33B,1.232B,8.023B,1.098B,425.00M,14.13B,3.415B,9.477B,34.42B,473.00M,12.79B,12.97B,24.94B,21.63B,11.98B,3.78B,8.023B,0
LOW,2015-01,-103.00M,466.00M,8.194B,552.10M,979.00M,0.46,0.46,0,35.44B,4.347B,2015-01,8.911B,450.00M,-132.00M,-132.00M,20.03B,730.00M,10.81B,819.00M,5.766B,687.00M,237.00M,12.54B,3.157B,9.968B,31.72B,480.00M,9.851B,9.348B,21.75B,21.87B,12.40B,3.528B,5.601B,0
LOW,2014-10,-28.00M,1.562B,8.963B,551.00M,1.029B,0.59,0.59,0,35.38B,4.718B,2014-10,9.762B,585.00M,-134.00M,-134.00M,20.18B,828.00M,10.81B,1.088B,6.459B,954.00M,369.00M,13.68B,3.255B,10.73B,34.03B,487.00M,12.13B,10.80B,23.30B,21.90B,12.50B,3.63B,6.459B,0
LOW,2014-07,-5.00M,1.039B,10.86B,54.00M,1.039B,1.04,1.04,0,35.27B,5.735B,2014-07,9.315B,1.039B,-126.00M,-126.00M,20.37B,930.00M,10.06B,1.819B,6.191B,1.693B,654.00M,16.60B,3.541B,11.24B,33.14B,496.00M,11.08B,10.01B,21.90B,22.06B,11.88B,3.916B,6.191B,0
LOW,2014-04,-9.00M,658.00M,8.645B,47.00M,1.055B,0.61,0.61,0,35.22B,4.758B,2014-04,10.52B,624.00M,-124.00M,-124.00M,20.62B,991.00M,10.08B,1.066B,7.051B,942.00M,318.00M,13.40B,3.319B,11.48B,34.23B,506.00M,11.95B,10.81B,22.75B,22.28B,11.93B,3.692B,7.051B,0
LOW,2014-01,-17.00M,391.00M,7.618B,435.00M,892.00M,0.29,0.29,0,35.07B,4.042B,2014-01,9.127B,306.00M,-128.00M,-128.00M,20.83B,1.021B,10.09B,627.00M,5.59B,499.00M,193.00M,11.66B,3.045B,11.85B,32.73B,515.00M,10.30B,8.876B,20.88B,22.44B,12.00B,3.415B,5.437B,0
LOW,2013-10,23.00M,1.101B,8.476B,51.00M,944.00M,0.47,0.47,0,34.97B,4.481B,2013-10,9.593B,499.00M,-125.00M,-125.00M,20.97B,1.052B,10.09B,924.00M,5.776B,799.00M,300.00M,12.96B,3.184B,12.65B,34.08B,525.00M,11.36B,9.403B,21.43B,22.71B,12.02B,3.557B,5.776B,0
LOW,2013-07,26.00M,1.085B,10.31B,47.00M,985.00M,0.88,0.88,0,34.77B,5.397B,2013-07,9.106B,941.00M,-110.00M,-110.00M,20.97B,1.123B,9.015B,1.616B,5.664B,1.506B,565.00M,15.71B,3.414B,13.06B,33.41B,532.00M,10.91B,9.34B,20.35B,22.50B,11.01B,3.781B,5.664B,0
LOW,2013-04,52.00M,1.081B,8.533B,47.00M,1.008B,0.49,0.49,0,34.66B,4.555B,2013-04,10.27B,540.00M,-113.00M,-113.00M,21.26B,1.157B,9.026B,981.00M,7.041B,868.00M,328.00M,13.09B,3.222B,13.25B,34.73B,544.00M,12.01B,10.44B,21.48B,22.72B,11.04B,3.574B,7.041B,0
LOW,2013-01,52.00M,541.00M,7.261B,47.00M,824.00M,0.26,0.26,0,34.67B,3.785B,2013-01,8.60B,289.00M,-110.00M,-110.00M,21.48B,1.17B,9.03B,565.00M,5.187B,455.00M,166.00M,11.05B,2.808B,13.86B,32.67B,555.00M,9.784B,7.708B,18.81B,22.88B,11.10B,3.22B,5.051B,0
LOW,2012-10,53.00M,1.30B,7.93B,45.00M,788.00M,0.35,0.35,0,34.89B,4.143B,2012-10,8.995B,396.00M,-114.00M,-114.00M,21.59B,1.206B,9.004B,749.00M,5.416B,635.00M,239.00M,12.07B,3.023B,14.22B,33.95B,561.00M,10.83B,8.614B,19.73B,23.12B,11.11B,3.394B,5.416B,0
LOW,2012-07,47.00M,2.296B,9.415B,594.00M,847.00M,0.64,0.64,0,34.73B,4.834B,2012-07,8.699B,747.00M,-96.00M,-96.00M,21.73B,1.306B,9.008B,1.293B,5.084B,1.197B,450.00M,14.25B,3.172B,14.82B,35.03B,576.00M,11.60B,9.022B,20.21B,23.43B,11.19B,3.541B,5.084B,0
LOW,2012-04,52.00M,3.233B,8.589B,593.00M,881.00M,0.43,0.43,0,34.52B,4.564B,2012-04,9.786B,527.00M,-103.00M,-103.00M,21.82B,1.128B,9.018B,953.00M,6.977B,850.00M,323.00M,13.15B,3.241B,15.20B,37.21B,594.00M,13.63B,11.00B,22.00B,23.58B,11.01B,3.611B,6.977B,0
LOW,2012-01,46.00M,1.014B,7.65B,592.00M,801.00M,0.26,0.26,0,34.33B,3.979B,2012-01,8.355B,322.00M,-102.00M,-102.00M,21.97B,1.235B,7.035B,587.00M,4.912B,485.00M,163.00M,11.63B,3.01B,16.53B,33.56B,621.00M,10.07B,7.891B,17.03B,23.49B,9.135B,3.392B,4.786B,0
LOW,2011-10,46.00M,969.00M,7.815B,590.00M,789.00M,0.18,0.18,0,33.89B,4.037B,2011-10,8.99B,225.00M,-91.00M,-91.00M,21.89B,1.009B,6.025B,443.00M,5.242B,352.00M,127.00M,11.85B,3.233B,16.81B,33.87B,630.00M,10.42B,9.156B,17.06B,23.44B,7.901B,3.594B,5.242B,0
LOW,2011-07,82.00M,908.00M,9.527B,39.00M,831.00M,0.65,0.64,0,22.21B,5.016B,2011-07,8.825B,830.00M,-90.00M,-90.00M,22.20B,1.152B,6.581B,1.419B,5.378B,1.329B,499.00M,14.54B,3.232B,16.78B,34.04B,630.00M,10.17B,8.677B,17.27B,23.88B,8.589B,3.597B,5.378B,0
LOW,2011-04,85.00M,1.841B,7.866B,38.00M,970.00M,0.35,0.34,0,33.66B,4.319B,2011-04,9.661B,461.00M,-86.00M,-86.00M,22.06B,1.148B,6.538B,826.00M,6.694B,740.00M,279.00M,12.18B,3.12B,17.46B,35.88B,659.00M,11.97B,9.921B,18.42B,23.91B,8.504B,3.493B,6.694B,0
