Ticker,Date,Accrued Comprehensive Inc,Cash and Short Term Investments,Cost of Goods Sold,Current Debt & Capital Lease Obligation,Current Deferred Liabilities,EPS Basic,EPS Diluted,Goodwill and Intangibles,Gross PP&E,Gross Profit,Income (Quarterly),Inventories,Net Income,Net Non-Operating Interest Income Expense,Net Operating Interest Income,Net PP&E,Non-Current Deferred Liabilities,Non-Current Portion of LTD and Capital Lease Obligation,Operating Income,Payables and Accrued Expenses,Pre-Tax Income,Provision for Income Taxes,Research and Development Expense,Revenue,SG&A Expense,Shareholders Equity,Total Assets,Total Capital Stock,Total Current Assets,Total Current Liabilities,Total Liabilities,Total Long Term Assets,Total Long Term Liabilities,Total Operating Expenses,Total Payables,Total Receivables
LRCX,2021-03,-56.13M,5.789B,2.068B,825.43M,556.47M,7.51,7.41,1.633B,2.154B,1.780B,2021-03,2.552B,1.071B,-47.76M,-47.76M,1.280B,0,4.992B,1.195B,1.520B,1.160B,88.87M,381.12M,3.848B,203.70M,5.375B,15.28B,0.143M,11.32B,3.612B,9.910B,3.963B,6.298B,584.82M,1.062B,2.809B
LRCX,2020-12,-82.67M,6.042B,1.852B,832.85M,576.49M,6.04,5.96,1.641B,2.023B,1.604B,2020-12,2.349B,869.23M,-45.16M,-45.16M,1.208B,0,4.992B,1.010B,1.425B,979.78M,110.55M,375.17M,3.456B,218.90M,5.509B,15.37B,0.145M,11.47B,3.591B,9.862B,3.902B,6.271B,594.07M,1.021B,2.900B
LRCX,2020-09,-94.21M,6.658B,1.671B,834.14M,457.52M,5.67,5.59,1.646B,0,1.506B,2020-09,2.138B,823.45M,-39.91M,-39.91M,1.134B,0,4.993B,961.06M,1.345B,922.27M,98.82M,355.37M,3.177B,189.75M,5.425B,15.06B,0.145M,11.27B,3.407B,9.632B,3.782B,6.225B,545.12M,975.17M,2.318B
LRCX,2020-06,-112.68M,6.710B,1.512B,839.88M,539.60M,4.79,4.73,1.653B,0,1.280B,2020-06,1.900B,696.67M,-22.72M,-22.72M,1.071B,0,4.971B,755.72M,1.101B,748.17M,51.50M,338.81M,2.792B,185.80M,5.183B,14.56B,0.145M,10.85B,3.162B,9.376B,3.706B,6.213B,524.61M,779.07M,2.097B
LRCX,2020-03,-60.25M,5.393B,1.337B,42.41M,366.42M,3.96,3.88,1.667B,0,1.167B,2020-03,1.675B,574.78M,-17.16M,-17.16M,1.049B,0,5.044B,694.11M,1.059B,629.50M,54.71M,307.91M,2.504B,164.98M,4.549B,12.94B,0.142M,9.409B,2.106B,8.389B,3.530B,6.284B,472.89M,750.90M,2.191B
LRCX,2019-12,-72.56M,4.684B,1.404B,632.29M,406.68M,3.57,3.43,1.678B,0,1.180B,2019-12,1.529B,514.51M,-12.21M,-12.21M,1.047B,0,3.786B,686.51M,961.62M,672.59M,158.08M,318.86M,2.584B,174.27M,4.418B,11.91B,0.145M,8.455B,2.566B,7.496B,3.459B,4.931B,493.13M,697.82M,2.030B
LRCX,2019-09,-64.03M,5.591B,1.184B,645.16M,381.32M,3.22,3.09,1.691B,0,981.71M,2019-09,1.483B,465.79M,-10.37M,-10.37M,1.030B,0,3.788B,537.46M,859.18M,524.73M,58.94M,286.83M,2.166B,157.43M,4.979B,12.34B,0.144M,8.835B,2.458B,7.365B,3.509B,4.907B,444.26M,585.36M,1.636B
LRCX,2019-06,-62.66M,5.431B,1.280B,667.13M,378.40M,3.66,3.51,1.702B,0,1.081B,2019-06,1.540B,541.82M,-3.297M,-3.297M,1.059B,0,3.823B,617.08M,895.72M,609.42M,67.59M,295.58M,2.361B,168.23M,4.723B,12.00B,0.15M,8.560B,2.372B,7.278B,3.441B,4.906B,463.81M,670.32M,1.456B
LRCX,2019-03,-64.69M,6.141B,1.365B,964.11M,432.22M,3.62,3.47,1.708B,0,1.074B,2019-03,1.622B,547.39M,-1.975M,-1.975M,1.040B,0,3.802B,565.52M,896.30M,586.05M,38.66M,318.51M,2.439B,190.31M,5.341B,12.90B,0.154M,9.442B,2.806B,7.554B,3.453B,4.749B,508.82M,673.49M,1.522B
LRCX,2018-12,0,3.635B,1.378B,187.10M,0,3.67,3.51,1.736B,0,1.145B,2018-12,1.703B,568.86M,0,0,1.013B,0,1.813B,690.38M,0,659.73M,90.88M,285.56M,2.523B,169.10M,5.841B,10.77B,0,7.356B,2.167B,4.927B,3.413B,2.760B,454.65M,0,1.869B
LRCX,2018-09,-57.73M,3.619B,1.272B,550.37M,542.32M,3.43,3.23,1.768B,1.736B,1.058B,2018-09,1.874B,533.36M,-2.855M,-2.855M,951.38M,0,1.805B,591.75M,1.036B,591.37M,58.01M,291.67M,2.331B,174.78M,5.382B,10.96B,0.153M,7.516B,2.825B,5.576B,3.442B,2.751B,466.45M,805.62M,1.847B
LRCX,2018-06,-57.45M,4.950B,1.647B,610.03M,720.09M,6.35,5.82,1.803B,1.443B,1.479B,2018-06,1.876B,1.021B,-1.166M,-1.166M,902.55M,0,1.807B,955.20M,1.121B,958.15M,-63.00M,327.71M,3.126B,196.50M,6.580B,12.48B,0.157M,9.150B,3.150B,5.899B,3.330B,2.749B,524.21M,870.74M,2.177B
LRCX,2018-03,-65.43M,6.485B,1.561B,1.423B,748.90M,4.8,4.33,1.826B,1.361B,1.331B,2018-03,1.693B,778.80M,-3.973M,-3.973M,826.50M,0,1.782B,827.51M,1.138B,771.70M,-7.099M,305.41M,2.892B,197.79M,6.884B,13.66B,0.164M,10.43B,3.948B,6.779B,3.238B,2.831B,503.20M,892.07M,2.083B
LRCX,2017-12,-64.16M,5.700B,1.375B,1.402B,748.64M,-0.06,-0.06,1.866B,0,1.206B,2017-12,1.507B,-9.955M,-2.739M,-2.739M,807.34M,0,1.790B,737.37M,1.026B,734.22M,744.17M,281.31M,2.581B,186.88M,6.274B,12.91B,0.159M,9.666B,3.912B,6.639B,3.246B,2.727B,468.20M,812.34M,2.279B
LRCX,2017-09,-52.79M,6.182B,1.329B,639.91M,597.92M,3.64,3.21,1.904B,0,1.149B,2017-09,1.328B,590.69M,-3.696M,-3.696M,745.60M,0,1.793B,693.22M,871.88M,687.72M,97.03M,275.08M,2.478B,181.04M,7.408B,12.40B,0.162M,9.229B,2.789B,4.990B,3.170B,2.202B,456.12M,689.95M,1.531B
LRCX,2017-06,-61.70M,6.041B,1.276B,908.44M,607.67M,3.25,2.82,1.797B,0,1.069B,2017-06,1.233B,526.42M,-7.107M,-7.107M,685.60M,0,1.785B,607.94M,824.66M,603.50M,77.07M,285.71M,2.345B,175.31M,6.987B,12.12B,0.162M,9.142B,2.950B,5.135B,2.980B,2.185B,461.02M,632.51M,1.673B
LRCX,2017-03,-75.60M,5.884B,1.183B,905.29M,527.27M,3.52,3.1,1.835B,0,971.40M,2017-03,1.133B,574.71M,-8.407M,-8.407M,675.71M,0,1.777B,538.42M,817.31M,530.58M,-44.13M,265.99M,2.154B,167.00M,6.921B,11.88B,0.164M,8.876B,2.757B,4.954B,2.999B,2.197B,432.99M,609.66M,1.636B
LRCX,2016-12,-70.08M,5.833B,1.036B,957.90M,407.84M,2.05,1.81,1.874B,0,846.80M,2016-12,1.019B,332.79M,-15.70M,-15.70M,672.55M,0,1.769B,439.83M,754.99M,384.80M,52.01M,246.80M,1.882B,160.16M,6.593B,11.52B,0.162M,8.504B,2.658B,4.928B,3.017B,2.270B,406.97M,574.47M,1.426B
LRCX,2016-09,-57.00M,7.214B,916.22M,953.00M,417.86M,1.64,1.47,1.912B,0,716.20M,2016-09,931.58M,263.84M,-28.67M,-28.67M,649.59M,0,3.378B,315.95M,655.04M,292.79M,28.96M,235.24M,1.632B,165.01M,6.387B,12.64B,0.162M,9.599B,2.486B,6.249B,3.037B,3.763B,400.25M,466.20M,1.290B
LRCX,2016-06,-69.33M,6.828B,847.48M,947.73M,349.20M,1.62,1.46,1.951B,0,698.78M,2016-06,971.91M,258.94M,-24.60M,-24.60M,639.61M,0,3.378B,309.24M,689.26M,281.99M,23.05M,237.26M,1.546B,152.29M,6.102B,12.26B,0.16M,9.213B,2.418B,6.162B,3.051B,3.744B,389.54M,482.97M,1.262B
LRCX,2016-03,-55.89M,4.539B,742.79M,978.98M,334.10M,0.9,0.82,1.999B,1.251B,571.26M,2016-03,934.93M,143.45M,-29.91M,-29.91M,664.42M,0,1.407B,190.75M,644.39M,160.92M,17.47M,221.49M,1.314B,159.02M,5.871B,10.02B,0.159M,6.942B,2.342B,4.153B,3.083B,1.811B,380.51M,491.02M,1.237B
LRCX,2015-12,-68.78M,4.475B,799.02M,973.70M,261.05M,1.41,1.28,2.039B,1.097B,626.51M,2015-12,879.82M,222.98M,-31.85M,-31.85M,643.75M,0,1.405B,238.83M,514.96M,208.90M,-14.08M,220.75M,1.426B,166.92M,5.730B,9.750B,0.159M,6.670B,2.223B,4.020B,3.080B,1.797B,387.68M,346.58M,1.090B
LRCX,2015-09,-62.96M,4.332B,877.68M,969.39M,324.98M,1.82,1.66,2.076B,1.087B,722.36M,2015-09,916.68M,288.68M,-18.90M,-18.90M,636.77M,0,1.401B,335.43M,561.96M,308.31M,19.63M,234.21M,1.600B,152.73M,5.537B,9.594B,0.158M,6.516B,2.282B,4.058B,3.078B,1.776B,386.94M,374.73M,1.089B
LRCX,2015-06,-57.80M,4.076B,839.83M,1.360B,322.07M,0.83,0.74,2.116B,1.054B,641.54M,2015-06,943.35M,131.27M,-17.70M,-17.70M,621.42M,0,1.001B,270.48M,541.92M,170.68M,39.41M,221.68M,1.481B,149.38M,5.345B,9.365B,0.159M,6.271B,2.631B,4.020B,3.094B,1.388B,371.06M,387.14M,1.094B
LRCX,2015-03,-63.24M,3.949B,792.73M,520.69M,303.28M,1.3,1.16,2.243B,0,600.60M,2015-03,919.68M,206.28M,-12.53M,-12.53M,579.82M,0,1.831B,239.96M,560.73M,228.58M,22.29M,217.86M,1.393B,142.77M,5.278B,9.239B,0.158M,6.061B,1.735B,3.961B,3.178B,2.226B,360.64M,418.53M,1.047B
LRCX,2014-12,-45.39M,2.884B,695.58M,519.96M,254.76M,1.11,1,2.282B,0,536.66M,2014-12,913.39M,176.94M,-11.77M,-11.77M,585.37M,0,830.88M,188.74M,502.67M,178.94M,2.002M,196.77M,1.232B,151.15M,5.182B,8.111B,0.159M,4.915B,1.709B,2.929B,3.196B,1.220B,347.92M,368.42M,944.01M
LRCX,2014-09,-38.73M,2.887B,646.83M,519.10M,251.78M,0.87,0.8,2.322B,0,505.54M,2014-09,815.61M,141.08M,-12.42M,-12.42M,555.66M,0,824.27M,168.30M,440.23M,162.65M,21.57M,188.93M,1.152B,148.31M,5.073B,7.894B,0.159M,4.691B,1.600B,2.821B,3.203B,1.221B,337.24M,324.61M,864.40M
LRCX,2014-06,-28.66M,3.066B,691.76M,518.27M,235.92M,1.44,1.35,2.360B,0,557.04M,2014-06,740.50M,233.40M,-11.59M,-11.59M,543.50M,0,817.20M,215.85M,448.43M,289.50M,56.10M,185.45M,1.249B,155.74M,5.213B,7.993B,0.162M,4.784B,1.582B,2.780B,3.210B,1.198B,341.19M,346.69M,800.62M
LRCX,2014-03,-27.07M,2.754B,696.59M,517.40M,257.28M,1.01,0.96,2.409B,0,530.80M,2014-03,717.36M,164.40M,-12.51M,-12.51M,552.59M,0,810.69M,191.94M,412.94M,182.08M,17.69M,185.98M,1.227B,152.88M,4.992B,7.707B,0.162M,4.447B,1.543B,2.716B,3.260B,1.173B,338.86M,303.70M,818.39M
LRCX,2013-12,-15.52M,2.522B,628.27M,516.48M,224.39M,0.92,0.87,2.453B,0,487.79M,2013-12,661.57M,148.99M,-12.47M,-12.47M,546.19M,0,803.28M,164.47M,406.74M,160.64M,11.64M,174.48M,1.116B,148.84M,4.851B,7.556B,0.162M,4.249B,1.523B,2.705B,3.307B,1.182B,323.32M,291.30M,909.72M
LRCX,2013-09,-23.36M,2.456B,583.20M,515.54M,188.42M,0.52,0.5,2.485B,1.042B,431.86M,2013-09,614.79M,85.51M,-12.58M,-12.58M,564.84M,0,796.37M,105.41M,364.36M,91.15M,5.64M,170.57M,1.015B,155.88M,4.713B,7.290B,0.162M,3.924B,1.403B,2.577B,3.366B,1.174B,326.45M,238.97M,713.52M
LRCX,2013-06,-28.69M,2.497B,572.29M,514.66M,225.04M,0.53,0.5,2.527B,1.053B,413.93M,2013-06,559.32M,85.71M,-11.79M,-11.79M,603.91M,0,789.26M,86.50M,357.74M,74.25M,-11.46M,180.22M,986.21M,147.21M,4.676B,7.250B,0.163M,3.794B,1.404B,2.575B,3.456B,1.170B,327.43M,239.67M,602.62M
LRCX,2013-03,-23.74M,2.357B,505.10M,1.555M,193.32M,0.12,0.11,2.563B,1.014B,339.83M,2013-03,545.04M,19.00M,-11.94M,-11.94M,594.92M,0,1.295B,10.82M,319.80M,-5.015M,-24.01M,174.21M,844.93M,154.81M,4.542B,7.146B,0.162M,3.670B,801.01M,2.604B,3.476B,1.803B,329.01M,203.22M,544.07M
LRCX,2012-12,-24.48M,2.521B,545.47M,1.464M,168.99M,0.04,0.04,2.608B,986.75M,315.41M,2012-12,530.27M,6.408M,-10.60M,-10.60M,590.55M,0,1.287B,4.042M,293.09M,-9.348M,-15.76M,165.95M,860.89M,145.42M,4.697B,7.363B,0.166M,3.846B,825.48M,2.667B,3.517B,1.841B,311.37M,174.19M,590.92M
LRCX,2012-09,-33.91M,2.724B,573.00M,1.521M,208.09M,0.02,0.02,2.643B,972.66M,333.89M,2012-09,567.92M,2.768M,-11.34M,-11.34M,593.20M,0,1.279B,16.71M,296.75M,6.774M,4.006M,163.31M,906.89M,153.86M,5.012B,7.724B,0.175M,4.169B,854.26M,2.713B,3.555B,1.858B,317.17M,170.34M,640.22M
LRCX,2012-06,-33.82M,2.863B,443.60M,511.14M,164.83M,0.13,0.13,2.687B,944.52M,298.21M,2012-06,632.85M,18.07M,-6.813M,-6.813M,584.60M,0,761.78M,30.94M,412.80M,22.78M,4.712M,124.53M,741.81M,142.74M,5.322B,8.005B,0.187M,4.415B,1.427B,2.683B,3.590B,1.256B,267.27M,283.52M,765.82M
LRCX,2012-03,-16.19M,2.404B,391.81M,2.50M,139.61M,0.38,0.38,203.28M,646.14M,267.15M,2012-03,376.13M,45.60M,-6.463M,-6.463M,279.96M,0,755.43M,58.12M,509.55M,54.55M,8.946M,113.45M,658.96M,95.58M,2.609B,4.193B,0.12M,3.424B,651.66M,1.584B,769.35M,932.47M,209.03M,179.44M,471.78M
LRCX,2011-12,-33.13M,2.220B,349.16M,2.817M,117.26M,0.28,0.27,207.57M,623.78M,234.83M,2011-12,373.13M,33.21M,-6.671M,-6.671M,272.41M,0,749.08M,47.55M,260.84M,39.76M,6.549M,104.02M,583.98M,83.26M,2.463B,3.978B,0.12M,3.213B,593.60M,1.515B,765.30M,921.80M,187.28M,157.05M,462.24M
LRCX,2011-09,-16.43M,2.052B,396.55M,4.446M,112.52M,0.58,0.58,212.09M,604.60M,283.88M,2011-09,396.30M,71.84M,-2.455M,-2.455M,266.41M,0,743.25M,101.12M,477.63M,87.33M,15.49M,102.56M,680.44M,80.20M,2.390B,3.901B,0.122M,3.135B,594.59M,1.511B,766.32M,916.48M,182.76M,113.28M,523.24M
LRCX,2011-06,9.761M,2.122B,413.56M,4.782M,153.68M,1.02,1.01,216.62M,592.73M,338.45M,2011-06,396.61M,125.93M,0,0,270.46M,0,738.49M,158.93M,275.03M,137.06M,11.13M,99.58M,752.02M,79.94M,2.470B,4.054B,0.124M,3.273B,680.76M,1.584B,780.60M,903.26M,179.52M,214.72M,590.57M
