Ticker,Date,Accrued Comprehensive Inc,Cash and Short Term Investments,Cost of Goods Sold,Current Debt & Capital Lease Obligation,Current Deferred Liabilities,EPS Basic,EPS Diluted,Goodwill and Intangibles,Gross PP&E,Gross Profit,Income (Quarterly),Inventories,Net Income,Net Non-Operating Interest Income Expense,Net Operating Interest Income,Net PP&E,Non-Current Deferred Liabilities,Non-Current Portion of LTD and Capital Lease Obligation,Operating Income,Payables and Accrued Expenses,Pre-Tax Income,Provision for Income Taxes,Revenue,SG&A Expense,Shareholders Equity,Total Assets,Total Capital Stock,Total Current Assets,Total Current Liabilities,Total Liabilities,Total Long Term Assets,Total Long Term Liabilities,Total Operating Expenses,Total Payables,Total Receivables
LUMN,2020-12,-2.813B,406.00M,2.231B,2.806B,753.00M,-2.12,-2.12,27.09B,57.93B,2.894B,2020-12,105.00M,-2.289B,-396.00M,-396.00M,26.34B,3.342B,29.41B,833.00M,2.747B,-2.208B,81.00M,5.125B,866.00M,11.16B,59.39B,1.097B,3.176B,6.634B,48.23B,56.22B,41.60B,2.061B,1.448B,2.035B
LUMN,2020-09,-2.795B,526.00M,2.236B,1.888B,738.00M,0.34,0.34,30.04B,57.21B,2.931B,2020-09,112.00M,366.00M,-409.00M,-409.00M,26.29B,3.232B,31.10B,888.00M,2.918B,480.00M,114.00M,5.167B,850.00M,13.69B,62.60B,1.097B,3.504B,5.879B,48.91B,59.10B,43.03B,2.043B,1.742B,2.184B
LUMN,2020-06,-2.902B,1.763B,2.232B,3.359B,759.00M,0.35,0.35,30.37B,56.41B,2.96B,2020-06,122.00M,377.00M,-414.00M,-414.00M,26.08B,3.094B,31.41B,903.00M,3.005B,513.00M,136.00M,5.192B,895.00M,13.46B,64.17B,1.097B,4.858B,7.472B,50.71B,59.31B,43.24B,2.057B,1.785B,2.284B
LUMN,2020-03,-2.955B,1.564B,2.235B,1.545B,788.00M,0.29,0.29,30.70B,57.44B,2.993B,2020-03,119.00M,314.00M,-449.00M,-449.00M,27.62B,2.957B,34.80B,980.00M,3.001B,433.00M,119.00M,5.228B,853.00M,13.29B,64.06B,1.098B,4.69B,5.703B,50.76B,59.37B,45.06B,2.013B,1.935B,2.281B
LUMN,2019-12,-2.68B,1.69B,2.257B,2.716B,804.00M,0.21,0.21,31.10B,55.42B,3.049B,2019-12,105.00M,223.00M,-484.00M,-484.00M,26.08B,2.918B,32.39B,847.00M,3.352B,349.00M,126.00M,5.306B,992.00M,13.47B,64.74B,1.09B,4.768B,7.258B,51.27B,59.97B,44.01B,2.202B,2.035B,2.336B
LUMN,2019-09,-2.499B,1.404B,2.334B,2.163B,798.00M,0.28,0.28,31.39B,56.36B,3.016B,2019-09,137.00M,302.00M,-496.00M,-496.00M,27.60B,2.91B,34.73B,950.00M,3.31B,410.00M,108.00M,5.35B,831.00M,13.67B,64.73B,1.09B,4.589B,6.589B,51.05B,60.14B,44.46B,2.066B,2.10B,2.346B
LUMN,2019-06,-2.419B,410.00M,2.243B,2.083B,852.00M,0.35,0.35,31.73B,55.80B,3.132B,2019-06,151.00M,371.00M,-518.00M,-518.00M,27.70B,2.826B,34.66B,976.00M,3.223B,502.00M,131.00M,5.375B,960.00M,13.69B,64.51B,1.09B,3.878B,6.495B,50.82B,60.63B,44.32B,2.156B,2.008B,2.59B
LUMN,2019-03,-2.429B,441.00M,2.30B,1.193B,841.00M,-5.77,-5.77,32.04B,55.13B,3.127B,2019-03,154.00M,-6.165B,-523.00M,-523.00M,27.74B,2.701B,36.36B,1.007B,3.042B,-6.027B,138.00M,5.427B,932.00M,13.54B,64.79B,1.09B,3.82B,5.373B,51.24B,60.97B,45.87B,2.12B,1.867B,2.474B
LUMN,2018-12,-2.461B,488.00M,1.794B,652.00M,832.00M,-2.26,-2.26,38.81B,53.27B,3.121B,2018-12,120.00M,-2.412B,-539.00M,-539.00M,26.41B,2.527B,35.41B,885.00M,3.735B,-2.365B,47.00M,4.915B,974.00M,19.83B,70.26B,1.08B,3.82B,5.531B,50.43B,66.44B,44.90B,2.236B,2.27B,2.532B
LUMN,2018-09,-2.454B,390.00M,2.672B,778.00M,983.00M,0.25,0.25,41.94B,52.66B,3.146B,2018-09,131.00M,272.00M,-557.00M,-557.00M,26.17B,2.502B,35.75B,894.00M,3.414B,329.00M,57.00M,5.818B,967.00M,22.80B,73.37B,1.081B,4.114B,5.286B,50.57B,69.26B,45.28B,2.252B,1.847B,2.903B
LUMN,2018-06,-2.49B,700.00M,2.73B,437.00M,750.00M,0.27,0.27,42.25B,52.37B,3.172B,2018-06,107.00M,292.00M,-546.00M,-546.00M,26.49B,2.407B,36.88B,767.00M,3.006B,237.00M,-55.00M,5.902B,1.115B,22.99B,74.35B,1.079B,4.451B,4.521B,51.36B,69.90B,46.84B,2.405B,1.704B,2.898B
LUMN,2018-03,-2.288B,501.00M,2.803B,437.00M,820.00M,0.11,0.11,42.71B,51.94B,3.142B,2018-03,111.00M,115.00M,-535.00M,-535.00M,26.83B,2.196B,36.94B,750.00M,3.11B,236.00M,121.00M,5.945B,1.109B,23.44B,74.79B,1.079B,4.183B,4.767B,51.35B,70.61B,46.58B,2.392B,1.898B,2.688B
LUMN,2017-12,-1.995B,551.00M,2.498B,443.00M,892.00M,1.26,1.26,43.25B,51.20B,2.825B,2017-12,128.00M,1.117B,-481.00M,-481.00M,26.85B,2.413B,37.28B,524.00M,3.212B,54.00M,-1.063B,5.323B,1.104B,23.49B,75.61B,1.069B,4.194B,4.857B,52.12B,71.42B,47.26B,2.301B,1.925B,2.815B
LUMN,2017-09,-1.994B,160.00M,1.927B,124.00M,642.00M,0.17,0.17,23.39B,41.35B,2.107B,2017-09,131.00M,92.00M,-362.00M,-362.00M,17.63B,3.128B,24.85B,487.00M,2.316B,139.00M,47.00M,4.034B,710.00M,12.96B,50.54B,550.00M,2.694B,3.266B,37.58B,47.84B,34.31B,1.62B,1.296B,1.888B
LUMN,2017-06,-2.05B,342.00M,1.89B,196.00M,644.00M,0.03,0.03,23.60B,40.74B,2.20B,2017-06,144.00M,17.00M,-320.00M,-320.00M,17.58B,3.23B,24.88B,367.00M,2.195B,40.00M,23.00M,4.09B,884.00M,13.09B,50.92B,550.00M,2.908B,3.243B,37.84B,48.02B,34.60B,1.833B,1.234B,1.868B
LUMN,2017-03,-2.086B,214.00M,1.888B,1.499B,656.00M,0.3,0.3,23.78B,39.64B,2.321B,2017-03,138.00M,163.00M,-318.00M,-318.00M,17.02B,3.461B,18.18B,631.00M,2.386B,307.00M,144.00M,4.209B,810.00M,13.31B,46.60B,549.00M,4.968B,5.096B,33.30B,41.63B,28.20B,1.69B,1.454B,1.854B
LUMN,2016-12,-2.117B,222.00M,1.929B,1.503B,672.00M,0.08,0.08,23.98B,39.19B,2.36B,2016-12,134.00M,42.00M,-320.00M,-320.00M,17.04B,3.471B,18.18B,405.00M,2.573B,74.00M,32.00M,4.289B,997.00M,13.40B,47.02B,547.00M,5.162B,5.349B,33.62B,41.86B,28.27B,1.955B,1.48B,2.068B
LUMN,2016-09,-1.855B,140.00M,1.996B,1.534B,710.00M,0.28,0.28,25.54B,40.30B,2.386B,2016-09,136.00M,152.00M,-327.00M,-327.00M,17.84B,3.653B,18.18B,593.00M,2.263B,249.00M,97.00M,4.382B,798.00M,13.89B,46.80B,547.00M,2.728B,4.733B,32.90B,44.07B,28.17B,1.793B,1.366B,1.957B
LUMN,2016-06,-1.881B,191.00M,1.949B,1.451B,727.00M,0.36,0.36,25.74B,39.76B,2.449B,2016-06,138.00M,196.00M,-340.00M,-340.00M,17.89B,3.625B,18.16B,647.00M,2.422B,317.00M,121.00M,4.398B,815.00M,13.98B,47.12B,546.00M,2.791B,4.842B,33.13B,44.33B,28.29B,1.802B,1.572B,1.972B
LUMN,2016-03,-1.907B,438.00M,1.90B,517.00M,730.00M,0.44,0.44,25.97B,39.23B,2.501B,2016-03,136.00M,236.00M,-331.00M,-331.00M,17.96B,3.596B,19.51B,688.00M,2.305B,380.00M,144.00M,4.401B,837.00M,14.04B,47.52B,546.00M,2.926B,3.826B,33.48B,44.59B,29.66B,1.813B,1.497B,1.871B
LUMN,2015-12,-1.934B,126.00M,1.915B,1.503B,743.00M,0.62,0.62,26.22B,38.78B,2.561B,2015-12,144.00M,338.00M,-328.00M,-328.00M,18.07B,3.569B,18.72B,725.00M,2.17B,430.00M,92.00M,4.476B,783.00M,14.06B,47.60B,544.00M,2.65B,4.604B,33.54B,44.95B,28.94B,1.836B,1.286B,1.943B
LUMN,2015-09,-1.941B,355.00M,1.993B,1.91B,736.00M,0.37,0.37,26.49B,38.25B,2.561B,2015-09,136.00M,205.00M,-329.00M,-329.00M,18.07B,3.742B,18.50B,656.00M,2.662B,329.00M,124.00M,4.554B,857.00M,14.25B,48.75B,554.00M,3.35B,5.547B,34.50B,45.40B,28.96B,1.905B,1.622B,1.951B
LUMN,2015-06,-1.959B,155.00M,1.959B,1.519B,745.00M,0.26,0.26,26.74B,37.64B,2.46B,2015-06,124.00M,143.00M,-327.00M,-327.00M,18.09B,3.834B,18.83B,549.00M,2.339B,234.00M,91.00M,4.419B,863.00M,14.59B,48.98B,563.00M,3.305B,4.797B,34.39B,45.67B,29.59B,1.911B,1.472B,1.955B
LUMN,2015-03,-2.001B,155.00M,1.911B,202.00M,739.00M,0.34,0.34,27.01B,37.10B,2.54B,2015-03,137.00M,192.00M,-328.00M,-328.00M,18.18B,3.921B,20.25B,649.00M,2.407B,323.00M,131.00M,4.451B,851.00M,14.76B,49.52B,566.00M,3.468B,3.579B,34.76B,46.05B,31.18B,1.891B,1.486B,1.973B
LUMN,2014-12,-2.017B,128.00M,1.974B,550.00M,726.00M,0.33,0.33,27.30B,36.72B,2.464B,2014-12,132.00M,188.00M,-330.00M,-330.00M,18.43B,3.154B,19.95B,483.00M,2.466B,157.00M,-31.00M,4.438B,850.00M,15.02B,49.10B,569.00M,2.696B,3.918B,34.08B,46.41B,30.16B,1.981B,1.535B,1.988B
LUMN,2014-09,-789.00M,734.00M,1.975B,1.169B,714.00M,0.33,0.33,27.47B,35.97B,2.539B,2014-09,134.00M,188.00M,-325.00M,-325.00M,18.32B,4.629B,19.98B,619.00M,2.503B,299.00M,111.00M,4.514B,823.00M,16.44B,50.65B,571.00M,4.018B,4.577B,34.20B,46.63B,29.62B,1.92B,1.441B,1.978B
LUMN,2014-06,-779.00M,181.00M,1.962B,1.188B,716.00M,0.34,0.34,27.75B,35.40B,2.579B,2014-06,132.00M,193.00M,-325.00M,-325.00M,18.44B,4.61B,19.77B,655.00M,2.369B,323.00M,130.00M,4.541B,831.00M,16.60B,50.61B,571.00M,3.598B,4.443B,34.02B,47.02B,29.57B,1.924B,1.495B,1.986B
LUMN,2014-03,-795.00M,219.00M,1.935B,1.126B,709.00M,0.35,0.35,28.09B,34.85B,2.603B,2014-03,155.00M,203.00M,-331.00M,-331.00M,18.49B,4.709B,19.81B,653.00M,2.575B,331.00M,128.00M,4.538B,843.00M,16.80B,51.17B,575.00M,3.748B,4.621B,34.37B,47.42B,29.75B,1.95B,1.593B,1.887B
LUMN,2013-12,-802.00M,168.00M,1.92B,785.00M,737.00M,0.41,0.41,28.41B,34.31B,2.622B,2013-12,167.00M,239.00M,-328.00M,-328.00M,18.65B,4.753B,20.18B,633.00M,2.425B,330.00M,91.00M,4.542B,823.00M,17.19B,51.79B,584.00M,3.907B,4.409B,34.60B,47.88B,30.19B,1.989B,1.45B,1.977B
LUMN,2013-09,-1.66B,266.00M,1.918B,191.00M,700.00M,-1.76,-1.76,28.68B,33.72B,2.597B,2013-09,172.00M,-1.045B,-329.00M,-329.00M,18.66B,4.125B,20.39B,415.00M,2.635B,-1.005B,40.00M,4.515B,1.047B,16.71B,51.98B,593.00M,3.812B,3.978B,35.27B,48.17B,31.29B,2.182B,1.555B,1.979B
LUMN,2013-06,-1.688B,214.00M,1.873B,302.00M,666.00M,0.45,0.44,29.99B,33.20B,2.652B,2013-06,162.00M,269.00M,-325.00M,-325.00M,18.78B,3.98B,20.28B,715.00M,2.567B,394.00M,125.00M,4.525B,814.00M,18.40B,53.25B,604.00M,3.648B,3.748B,34.85B,49.61B,31.11B,1.937B,1.651B,1.958B
LUMN,2013-03,-1.695B,476.00M,1.796B,1.193B,689.00M,0.48,0.48,30.23B,32.57B,2.717B,2013-03,134.00M,298.00M,-316.00M,-316.00M,18.82B,3.812B,19.60B,782.00M,2.474B,505.00M,207.00M,4.513B,818.00M,18.86B,53.73B,616.00M,3.875B,4.583B,34.87B,49.85B,30.29B,1.935B,1.492B,1.929B
LUMN,2012-12,-1.701B,211.00M,1.907B,1.205B,642.00M,0.37,0.37,30.60B,31.93B,2.676B,2012-12,125.00M,233.00M,-315.00M,-315.00M,18.91B,3.564B,19.40B,666.00M,2.562B,374.00M,141.00M,4.583B,790.00M,19.29B,53.94B,626.00M,3.638B,4.595B,34.65B,50.30B,30.06B,2.01B,1.563B,1.959B
LUMN,2012-09,-984.00M,194.00M,1.943B,1.198B,616.00M,0.43,0.43,30.93B,31.29B,2.628B,2012-09,107.00M,270.00M,-326.00M,-326.00M,19.01B,4.083B,19.51B,736.00M,2.085B,422.00M,152.00M,4.571B,748.00M,20.20B,54.63B,623.00M,3.833B,4.931B,34.44B,50.80B,29.50B,1.892B,1.738B,1.971B
LUMN,2012-06,-998.00M,281.00M,1.912B,1.903B,598.00M,0.12,0.12,32.19B,30.62B,2.70B,2012-06,35.45M,74.00M,-335.00M,-335.00M,19.05B,3.955B,19.68B,657.00M,2.053B,123.00M,49.00M,4.612B,835.00M,20.31B,55.09B,622.00M,3.847B,5.207B,34.78B,51.24B,29.57B,2.043B,1.505B,1.92B
LUMN,2012-03,-1.00B,1.53B,1.877B,2.20B,605.00M,0.32,0.32,32.66B,30.19B,2.733B,2012-03,0,200.00M,-343.00M,-343.00M,19.30B,3.916B,20.67B,654.00M,2.146B,331.00M,131.00M,4.61B,871.00M,20.64B,56.84B,621.00M,4.882B,5.643B,36.20B,51.96B,30.56B,2.079B,1.451B,1.879B
LUMN,2011-12,-1.012B,128.00M,1.968B,480.00M,573.00M,0.16,0.16,32.21B,29.58B,2.685B,2011-12,0,109.00M,-340.00M,-340.00M,19.44B,3.80B,21.36B,533.00M,2.753B,192.00M,83.00M,4.653B,900.00M,20.83B,56.04B,619.00M,3.517B,4.017B,35.22B,52.53B,31.20B,2.152B,1.783B,1.977B
LUMN,2011-09,-158.00M,1.123B,1.95B,1.034B,551.00M,0.22,0.22,33.64B,28.61B,2.646B,2011-09,0,138.00M,-324.00M,-324.00M,19.29B,3.516B,21.14B,548.00M,2.203B,231.00M,93.00M,4.596B,870.00M,21.98B,56.74B,617.00M,3.808B,4.737B,34.76B,52.93B,30.02B,2.098B,1.813B,2.055B
LUMN,2011-06,-141.00M,2.546B,1.781B,1.61B,543.00M,0.19,0.19,31.81B,26.60B,2.625B,2011-06,0,115.00M,-280.00M,-280.00M,18.02B,3.106B,19.73B,480.00M,2.192B,186.00M,71.00M,4.406B,968.00M,21.64B,54.84B,602.00M,5.007B,5.064B,33.20B,49.84B,28.14B,2.145B,1.643B,1.837B
LUMN,2011-03,-138.96M,269.66M,626.00M,11.54M,178.34M,0.69,0.69,12.11B,16.52B,1.07B,2011-03,0,211.00M,-128.00M,-128.00M,8.649B,2.805B,7.168B,464.00M,773.42M,339.00M,128.00M,1.696B,237.00M,9.653B,21.90B,306.01M,1.141B,1.073B,12.24B,20.76B,11.17B,606.00M,434.53M,699.04M
