Ticker,Date,Accrued Comprehensive Inc,Cash and Short Term Investments,Cost of Goods Sold,Current Debt & Capital Lease Obligation,Current Deferred Liabilities,EPS Basic,EPS Diluted,Goodwill and Intangibles,Gross PP&E,Gross Profit,Income (Quarterly),Inventories,Net Income,Net Non-Operating Interest Income Expense,Net Operating Interest Income,Net PP&E,Non-Current Deferred Liabilities,Non-Current Portion of LTD and Capital Lease Obligation,Operating Income,Payables and Accrued Expenses,Pre-Tax Income,Provision for Income Taxes,Revenue,SG&A Expense,Shareholders Equity,Total Assets,Total Capital Stock,Total Current Assets,Total Current Liabilities,Total Liabilities,Total Long Term Assets,Total Long Term Liabilities,Total Operating Expenses,Total Payables,Total Receivables
LUV,2021-03,-60.00M,14.35B,1.39B,517.00M,4.906B,0.2,0.19,970.00M,29.41B,662.00M,2021-03,448.00M,116.00M,-101.00M,-101.00M,17.68B,4.486B,12.27B,199.00M,2.759B,146.00M,30.00M,2.052B,0,9.093B,35.49B,888.00M,16.10B,8.182B,26.40B,19.39B,18.22B,463.00M,1.094B,937.00M
LUV,2020-12,-105.00M,13.33B,2.66B,526.00M,4.39B,-1.54,-1.54,1.265B,29.47B,-647.00M,2020-12,414.00M,-908.00M,-100.00M,-100.00M,17.72B,5.33B,11.67B,-1.168B,1.868B,-1.331B,-423.00M,2.013B,0,8.876B,34.59B,888.00M,15.17B,7.506B,25.71B,19.42B,18.21B,521.00M,1.015B,1.13B
LUV,2020-09,-102.00M,14.56B,2.716B,1.036B,3.952B,-1.96,-1.96,970.00M,29.27B,-923.00M,2020-09,426.00M,-1.157B,-96.00M,-96.00M,17.82B,5.253B,11.56B,-1.411B,1.91B,-1.542B,-385.00M,1.793B,0,9.769B,35.60B,888.00M,16.13B,7.804B,25.84B,19.47B,18.03B,488.00M,1.055B,897.00M
LUV,2020-06,-130.00M,14.46B,1.915B,1.031B,5.945B,-1.63,-1.63,970.00M,29.26B,-907.00M,2020-06,422.00M,-915.00M,-80.00M,-80.00M,18.09B,4.32B,10.39B,-1.127B,1.833B,-1.239B,-324.00M,1.008B,0,10.88B,35.60B,888.00M,15.87B,9.361B,24.72B,19.72B,15.36B,220.00M,1.042B,770.00M
LUV,2020-03,-186.00M,5.545B,3.646B,3.125B,5.036B,-0.18,-0.18,970.00M,29.18B,588.00M,2020-03,518.00M,-94.00M,-6.00M,-6.00M,18.27B,3.739B,3.224B,-110.00M,1.832B,-144.00M,-50.00M,4.234B,0,9.075B,26.88B,808.00M,7.028B,10.24B,17.81B,19.86B,7.569B,698.00M,1.11B,709.00M
LUV,2019-12,-61.00M,4.072B,4.299B,1.172B,4.457B,0.98,0.98,1.266B,29.06B,1.431B,2019-12,529.00M,513.00M,1.00M,1.00M,18.37B,3.73B,2.824B,665.00M,2.462B,666.00M,153.00M,5.73B,0,9.832B,25.90B,808.00M,5.974B,8.952B,16.06B,19.92B,7.111B,766.00M,1.653B,1.086B
LUV,2019-09,-63.00M,4.016B,4.058B,969.00M,4.93B,1.24,1.23,970.00M,29.64B,1.581B,2019-09,528.00M,659.00M,3.00M,3.00M,19.19B,3.679B,3.412B,819.00M,2.138B,819.00M,160.00M,5.639B,0,9.931B,26.47B,808.00M,5.65B,8.629B,16.54B,20.82B,7.907B,762.00M,1.344B,867.00M
LUV,2019-06,30.00M,3.986B,4.173B,1.004B,4.962B,1.37,1.37,970.00M,29.32B,1.736B,2019-06,510.00M,741.00M,2.00M,2.00M,19.16B,3.801B,3.521B,968.00M,2.194B,968.00M,227.00M,5.909B,0,9.94B,26.37B,808.00M,5.554B,8.611B,16.43B,20.82B,7.823B,768.00M,1.403B,777.00M
LUV,2019-03,96.00M,3.861B,3.914B,932.00M,5.029B,0.7,0.7,1.283B,29.16B,1.235B,2019-03,484.00M,387.00M,1.00M,1.00M,19.28B,3.737B,3.752B,505.00M,2.469B,504.00M,117.00M,5.149B,0,9.791B,26.46B,808.00M,5.483B,8.723B,16.67B,20.98B,7.945B,730.00M,1.577B,784.00M
LUV,2018-12,20.00M,3.689B,4.128B,606.00M,4.134B,1.17,1.17,1.369B,29.26B,1.576B,2018-12,461.00M,654.00M,-1.00M,-1.00M,19.52B,3.61B,2.771B,820.00M,2.419B,817.00M,163.00M,5.704B,0,9.853B,26.24B,808.00M,5.028B,7.905B,16.39B,21.21B,8.485B,756.00M,1.484B,568.00M
LUV,2018-09,412.00M,3.82B,4.038B,346.00M,4.756B,1.08,1.08,1.373B,28.72B,1.537B,2018-09,483.00M,615.00M,-4.00M,-4.00M,19.28B,3.64B,3.10B,798.00M,2.143B,786.00M,171.00M,5.575B,0,10.15B,26.88B,808.00M,5.601B,7.843B,16.73B,21.28B,8.886B,739.00M,1.285B,784.00M
LUV,2018-06,298.00M,3.686B,4.039B,365.00M,4.652B,1.27,1.27,1.376B,28.23B,1.703B,2018-06,459.00M,733.00M,-8.00M,-8.00M,19.07B,3.539B,3.155B,972.00M,2.134B,960.00M,227.00M,5.742B,0,9.997B,26.46B,808.00M,5.408B,7.716B,16.47B,21.06B,8.752B,731.00M,1.41B,765.00M
LUV,2018-03,78.00M,3.243B,3.703B,365.00M,4.42B,0.79,0.79,1.38B,28.17B,1.241B,2018-03,430.00M,463.00M,-10.00M,-10.00M,18.77B,3.467B,3.227B,616.00M,1.977B,602.00M,139.00M,4.944B,0,9.619B,25.50B,808.00M,4.801B,7.162B,15.88B,20.70B,8.722B,625.00M,1.299B,680.00M
LUV,2017-12,12.00M,3.273B,3.825B,348.00M,3.495B,3.19,3.18,1.383B,28.23B,1.433B,2017-12,420.00M,1.747B,-8.00M,-8.00M,18.54B,3.426B,3.32B,740.00M,2.269B,735.00M,-1.012B,5.258B,0,9.641B,25.11B,808.00M,4.815B,6.863B,15.47B,20.30B,8.606B,693.00M,1.377B,662.00M
LUV,2017-09,-136.00M,3.04B,3.717B,316.00M,3.932B,0.88,0.88,1.386B,27.80B,1.586B,2017-09,438.00M,528.00M,-4.00M,-4.00M,18.16B,3.922B,2.763B,845.00M,1.944B,832.00M,304.00M,5.303B,0,8.80B,24.25B,808.00M,4.28B,6.965B,15.45B,19.97B,8.484B,741.00M,1.203B,579.00M
LUV,2017-06,-263.00M,3.152B,3.789B,307.00M,4.012B,1.23,1.23,1.389B,27.20B,1.942B,2017-06,365.00M,743.00M,-6.00M,-6.00M,17.68B,3.758B,2.788B,1.215B,2.109B,1.165B,422.00M,5.731B,0,8.53B,23.92B,808.00M,4.343B,7.097B,15.39B,19.58B,8.294B,727.00M,1.351B,576.00M
LUV,2017-03,-312.00M,3.482B,3.56B,285.00M,4.012B,0.55,0.55,1.393B,26.78B,1.294B,2017-03,356.00M,339.00M,-11.00M,-11.00M,17.29B,3.637B,2.781B,606.00M,2.114B,532.00M,193.00M,4.854B,0,8.204B,23.76B,808.00M,4.658B,7.458B,15.56B,19.10B,8.101B,688.00M,1.359B,585.00M
LUV,2016-12,-323.00M,3.305B,3.483B,566.00M,3.115B,0.85,0.84,1.396B,26.46B,1.456B,2016-12,337.00M,461.00M,-9.00M,-9.00M,17.04B,3.578B,2.821B,607.00M,1.989B,712.00M,251.00M,4.939B,0,8.441B,23.29B,808.00M,4.498B,6.844B,14.84B,18.79B,8.001B,849.00M,1.246B,546.00M
LUV,2016-09,-499.00M,3.446B,3.786B,972.00M,3.677B,0.63,0.62,1.40B,25.84B,1.353B,2016-09,331.00M,388.00M,-13.00M,-13.00M,16.55B,3.437B,2.323B,695.00M,2.317B,618.00M,230.00M,5.139B,0,8.047B,23.04B,808.00M,4.839B,7.816B,15.00B,18.21B,7.182B,658.00M,1.084B,848.00M
LUV,2016-06,-628.00M,3.415B,3.489B,963.00M,3.754B,1.3,1.28,1.404B,25.66B,1.895B,2016-06,328.00M,820.00M,-15.00M,-15.00M,16.29B,3.046B,2.391B,1.276B,2.279B,1.304B,484.00M,5.384B,0,7.821B,22.45B,808.00M,4.469B,7.833B,14.63B,17.98B,6.793B,619.00M,1.387B,524.00M
LUV,2016-03,-894.00M,3.582B,3.304B,953.00M,3.675B,0.8,0.79,1.43B,25.23B,1.522B,2016-03,289.00M,513.00M,-14.00M,-14.00M,15.96B,2.817B,2.355B,944.00M,2.278B,816.00M,303.00M,4.826B,0,7.496B,22.24B,808.00M,4.574B,8.253B,14.74B,17.67B,6.492B,578.00M,1.385B,511.00M
LUV,2015-12,-1.051B,3.051B,3.334B,637.00M,2.99B,0.83,0.82,1.434B,24.68B,1.643B,2015-12,311.00M,536.00M,-17.00M,-17.00M,15.60B,2.712B,2.541B,1.033B,2.294B,847.00M,311.00M,4.977B,0,7.358B,21.31B,808.00M,4.024B,7.406B,13.95B,17.29B,6.548B,610.00M,1.25B,474.00M
LUV,2015-09,-903.00M,3.096B,3.515B,287.00M,3.513B,0.89,0.88,1.439B,23.82B,1.803B,2015-09,308.00M,584.00M,-20.00M,-20.00M,14.93B,3.327B,2.381B,1.231B,2.056B,933.00M,349.00M,5.318B,0,6.968B,21.16B,808.00M,4.573B,7.084B,14.19B,16.59B,7.107B,572.00M,1.364B,465.00M
LUV,2015-06,-664.00M,3.132B,3.46B,276.00M,3.815B,0.91,0.9,1.444B,23.52B,1.651B,2015-06,326.00M,608.00M,-20.00M,-20.00M,14.86B,3.51B,2.411B,1.088B,1.979B,977.00M,369.00M,5.111B,0,7.158B,21.08B,808.00M,4.596B,6.876B,13.92B,16.48B,7.041B,563.00M,1.255B,462.00M
LUV,2015-03,-742.00M,3.438B,3.114B,271.00M,3.613B,0.67,0.66,1.449B,23.06B,1.30B,2015-03,304.00M,453.00M,-25.00M,-25.00M,14.61B,3.467B,2.416B,803.00M,2.006B,723.00M,270.00M,4.414B,0,6.902B,21.16B,808.00M,4.963B,6.903B,14.26B,16.20B,7.358B,497.00M,1.345B,499.00M
LUV,2014-12,-738.00M,2.988B,3.383B,258.00M,2.897B,0.28,0.28,1.333B,22.51B,1.245B,2014-12,342.00M,190.00M,-26.00M,-26.00M,14.29B,3.009B,2.434B,668.00M,2.055B,301.00M,111.00M,4.628B,0,6.775B,19.72B,808.00M,3.927B,5.923B,12.95B,15.80B,7.025B,577.00M,1.284B,365.00M
LUV,2014-09,-92.00M,3.56B,3.595B,607.00M,3.377B,0.48,0.48,1.336B,22.06B,1.205B,2014-09,429.00M,329.00M,-23.00M,-23.00M,13.96B,3.584B,2.125B,637.00M,2.003B,525.00M,196.00M,4.80B,0,7.429B,20.54B,808.00M,4.985B,6.446B,13.11B,15.55B,6.664B,568.00M,1.235B,468.00M
LUV,2014-06,111.00M,3.994B,3.665B,605.00M,3.485B,0.67,0.67,1.339B,21.59B,1.346B,2014-06,435.00M,465.00M,-26.00M,-26.00M,13.73B,3.236B,2.153B,813.00M,2.384B,746.00M,281.00M,5.011B,0,7.516B,20.89B,808.00M,5.317B,7.027B,13.38B,15.57B,6.348B,533.00M,1.67B,447.00M
LUV,2014-03,-12.00M,3.498B,3.407B,642.00M,3.332B,0.22,0.22,1.342B,21.06B,759.00M,2014-03,438.00M,152.00M,-24.00M,-24.00M,13.42B,3.215B,2.172B,233.00M,2.038B,244.00M,92.00M,4.166B,0,7.19B,19.98B,808.00M,4.814B,6.441B,12.79B,15.16B,6.345B,526.00M,1.359B,457.00M
LUV,2013-12,-3.00M,3.152B,3.452B,629.00M,2.571B,0.3,0.3,1.136B,20.82B,976.00M,2013-12,467.00M,212.00M,-26.00M,-26.00M,13.39B,3.162B,2.191B,405.00M,2.059B,333.00M,121.00M,4.428B,0,7.336B,19.34B,808.00M,4.456B,5.676B,12.01B,14.89B,6.333B,571.00M,1.312B,419.00M
LUV,2013-09,-114.00M,3.328B,3.595B,259.00M,2.981B,0.37,0.37,1.093B,20.44B,950.00M,2013-09,521.00M,259.00M,-30.00M,-30.00M,13.20B,3.144B,2.616B,418.00M,1.972B,419.00M,160.00M,4.545B,1.668B,7.013B,19.36B,808.00M,4.773B,5.546B,12.35B,14.59B,6.805B,532.00M,1.25B,463.00M
LUV,2013-06,-248.00M,3.393B,3.665B,263.00M,3.077B,0.31,0.31,1.097B,20.22B,978.00M,2013-06,461.00M,224.00M,-23.00M,-23.00M,13.16B,3.087B,2.671B,459.00M,2.025B,363.00M,139.00M,4.643B,1.596B,6.781B,19.38B,808.00M,4.864B,5.779B,12.60B,14.52B,6.822B,519.00M,1.351B,514.00M
LUV,2013-03,-111.00M,3.135B,3.50B,280.00M,2.877B,0.08,0.08,1.102B,19.99B,584.00M,2013-03,480.00M,59.00M,-22.00M,-22.00M,13.13B,3.108B,2.708B,83.00M,1.952B,94.00M,35.00M,4.084B,0,6.961B,19.20B,808.00M,4.514B,5.411B,12.24B,14.68B,6.825B,501.00M,1.308B,429.00M
LUV,2012-12,-119.00M,2.97B,3.533B,271.00M,2.17B,0.11,0.11,1.108B,19.50B,640.00M,2012-12,469.00M,78.00M,-28.00M,-28.00M,12.77B,3.088B,2.883B,106.00M,1.865B,125.00M,47.00M,4.173B,0,6.992B,18.60B,808.00M,4.227B,4.65B,11.60B,14.37B,6.954B,534.00M,1.174B,332.00M
LUV,2012-09,-125.00M,3.235B,3.604B,265.00M,1.836B,0.02,0.02,1.114B,19.29B,705.00M,2012-09,544.00M,16.00M,-28.00M,-28.00M,12.57B,2.767B,2.961B,196.00M,2.18B,33.00M,17.00M,4.309B,0,7.002B,18.81B,808.00M,4.652B,4.969B,11.81B,14.16B,6.842B,509.00M,1.14B,430.00M
LUV,2012-06,-320.00M,3.256B,3.642B,257.00M,134.00M,0.3,0.3,1.121B,18.94B,974.00M,2012-06,446.00M,228.00M,-30.00M,-30.00M,12.34B,2.632B,3.019B,471.00M,1.921B,368.00M,140.00M,4.616B,0,6.84B,18.52B,808.00M,4.691B,5.08B,11.68B,13.82B,6.596B,503.00M,1.291B,502.00M
LUV,2012-03,-57.00M,3.784B,3.466B,259.00M,0,0.13,0.13,1.117B,18.55B,525.00M,2012-03,432.00M,98.00M,-33.00M,-33.00M,12.10B,2.71B,3.048B,35.00M,2.232B,159.00M,61.00M,3.991B,0,7.097B,18.83B,808.00M,5.12B,5.047B,11.73B,13.71B,6.682B,490.00M,1.208B,367.00M
LUV,2011-12,-224.00M,3.144B,7.166B,644.00M,0,0.2,0.2,1.125B,18.42B,-3.058B,2011-12,401.00M,152.00M,-45.00M,-45.00M,12.13B,2.766B,3.107B,184.00M,1.696B,255.00M,103.00M,4.108B,0,6.877B,18.07B,808.00M,4.345B,4.533B,11.19B,13.72B,6.658B,-3.242B,1.126B,299.00M
LUV,2011-09,-513.00M,3.656B,2.205B,986.00M,0,-0.18,-0.18,970.00M,17.98B,2.106B,2011-09,459.00M,-140.00M,-46.00M,-46.00M,11.83B,1.934B,3.22B,247.00M,2.276B,-226.00M,-86.00M,4.311B,0,6.485B,17.88B,808.00M,4.594B,5.32B,11.40B,13.29B,6.08B,1.859B,1.083B,369.00M
LUV,2011-06,-107.00M,4.374B,2.099B,990.00M,0,0.21,0.21,1.155B,17.77B,2.037B,2011-06,394.00M,161.00M,-45.00M,-45.00M,11.72B,2.345B,3.242B,265.00M,1.686B,275.00M,114.00M,4.136B,0,7.202B,18.94B,808.00M,5.421B,5.318B,11.74B,13.52B,6.425B,1.772B,1.049B,389.00M
