Ticker,Date,Accrued Comprehensive Inc,Cash and Short Term Investments,Cost of Goods Sold,Current Debt & Capital Lease Obligation,Current Deferred Liabilities,EPS Basic,EPS Diluted,Goodwill and Intangibles,Gross PP&E,Gross Profit,Income (Quarterly),Inventories,Net Income,Net Non-Operating Interest Income Expense,Net Operating Interest Income,Net PP&E,Non-Current Deferred Liabilities,Non-Current Portion of LTD and Capital Lease Obligation,Operating Income,Payables and Accrued Expenses,Pre-Tax Income,Provision for Income Taxes,Research and Development Expense,Revenue,SG&A Expense,Shareholders Equity,Total Assets,Total Capital Stock,Total Current Assets,Total Current Liabilities,Total Liabilities,Total Long Term Assets,Total Long Term Liabilities,Total Operating Expenses,Total Payables,Total Receivables
LVS,2021-03,-11.00M,2.074B,728.00M,72.00M,614.00M,-0.36,-0.36,20.00M,14.34B,468.00M,2021-03,23.00M,-278.00M,-153.00M,-153.00M,14.34B,179.00M,14.37B,-93.00M,1.622B,-266.00M,14.00M,9.00M,1.196B,274.00M,2.673B,20.54B,1.00M,5.63B,2.465B,17.36B,14.91B,14.90B,561.00M,315.00M,205.00M
LVS,2020-12,29.00M,2.121B,722.00M,76.00M,582.00M,-0.39,-0.39,25.00M,28.89B,424.00M,2020-12,32.00M,-299.00M,-149.00M,-149.00M,17.36B,532.00M,13.93B,-199.00M,1.619B,-368.00M,8.00M,0,1.146B,272.00M,2.973B,20.81B,1.00M,2.644B,2.309B,17.27B,18.16B,14.96B,623.00M,682.00M,338.00M
LVS,2020-09,-38.00M,2.381B,503.00M,72.00M,676.00M,-0.74,-0.74,28.00M,17.20B,83.00M,2020-09,34.00M,-565.00M,-134.00M,-134.00M,17.20B,529.00M,13.84B,-552.00M,2.183B,-748.00M,-17.00M,3.00M,586.00M,296.00M,3.199B,20.98B,1.00M,2.958B,2.255B,17.14B,18.02B,14.89B,635.00M,499.00M,382.00M
LVS,2020-06,-74.00M,3.016B,372.00M,71.00M,0,-1.07,-1.07,32.00M,17.10B,-274.00M,2020-06,37.00M,-820.00M,-114.00M,-114.00M,17.10B,515.00M,13.77B,-917.00M,2.304B,-1.039B,-54.00M,9.00M,98.00M,315.00M,3.72B,21.70B,1.00M,3.772B,2.375B,17.17B,17.92B,14.80B,643.00M,621.00M,567.00M
LVS,2020-03,-119.00M,2.602B,828.00M,69.00M,0,0,0,36.00M,16.88B,589.00M,2020-03,36.00M,-1.00M,-115.00M,-115.00M,16.88B,517.00M,12.25B,9.00M,2.35B,-70.00M,22.00M,6.00M,1.417B,288.00M,4.489B,21.17B,1.00M,3.493B,2.419B,15.71B,17.67B,13.29B,580.00M,657.00M,653.00M
LVS,2019-12,-3.00M,4.226B,1.717B,70.00M,0,0.82,0.82,42.00M,27.61B,1.792B,2019-12,37.00M,629.00M,-117.00M,-117.00M,17.12B,533.00M,12.42B,1.006B,2.572B,848.00M,65.00M,11.00M,3.509B,444.00M,5.187B,23.20B,1.00M,5.305B,3.224B,16.69B,17.89B,13.47B,786.00M,1.147B,844.00M
LVS,2019-09,-74.00M,3.817B,1.602B,66.00M,0,0.69,0.69,45.00M,16.83B,1.648B,2019-09,33.00M,533.00M,-117.00M,-117.00M,16.83B,535.00M,11.88B,910.00M,2.938B,751.00M,82.00M,4.00M,3.25B,423.00M,5.359B,22.43B,1.00M,4.808B,3.004B,15.91B,17.62B,12.91B,738.00M,714.00M,757.00M
LVS,2019-06,-19.00M,4.017B,1.689B,116.00M,0,1.24,1.24,51.00M,16.88B,1.645B,2019-06,33.00M,954.00M,-126.00M,-126.00M,16.88B,578.00M,11.91B,894.00M,2.915B,1.344B,236.00M,4.00M,3.334B,427.00M,5.56B,22.59B,1.00M,4.957B,3.031B,16.01B,17.64B,12.98B,751.00M,637.00M,767.00M
LVS,2019-03,-32.00M,4.134B,1.824B,111.00M,0,0.75,0.75,69.00M,16.43B,1.822B,2019-03,35.00M,582.00M,-121.00M,-121.00M,16.43B,583.00M,11.89B,978.00M,2.806B,829.00M,85.00M,5.00M,3.646B,521.00M,5.525B,22.31B,1.00M,5.055B,2.917B,15.87B,17.26B,12.96B,844.00M,617.00M,737.00M
LVS,2018-12,-40.00M,4.648B,1.792B,111.00M,0,-0.22,-0.22,72.00M,26.04B,1.683B,2018-12,35.00M,-170.00M,-115.00M,-115.00M,16.35B,592.00M,11.87B,910.00M,2.37B,742.00M,782.00M,3.00M,3.475B,462.00M,5.684B,22.55B,1.00M,5.566B,3.157B,15.80B,16.98B,12.64B,773.00M,1.014B,726.00M
LVS,2018-09,-36.00M,4.772B,1.722B,111.00M,572.00M,0.73,0.73,76.00M,25.43B,1.65B,2018-09,42.00M,571.00M,-104.00M,-104.00M,16.39B,591.00M,11.87B,926.00M,2.795B,782.00M,83.00M,4.00M,3.372B,421.00M,6.862B,23.34B,1.00M,5.614B,2.906B,15.54B,17.72B,12.64B,724.00M,598.00M,650.00M
LVS,2018-06,-44.00M,4.35B,1.706B,184.00M,508.00M,0.7,0.7,81.00M,25.30B,1.597B,2018-06,44.00M,556.00M,-84.00M,-84.00M,16.43B,597.00M,11.14B,902.00M,2.808B,757.00M,81.00M,2.00M,3.303B,401.00M,7.158B,22.86B,1.00M,5.075B,2.992B,14.89B,17.78B,11.90B,695.00M,608.00M,555.00M
LVS,2018-03,47.00M,2.628B,1.754B,144.00M,0,1.85,1.84,85.00M,25.46B,1.825B,2018-03,46.00M,1.456B,-84.00M,-84.00M,16.74B,610.00M,9.508B,1.163B,2.73B,1.045B,-571.00M,3.00M,3.579B,401.00M,7.363B,21.50B,1.00M,3.394B,2.874B,13.15B,18.11B,10.27B,662.00M,581.00M,587.00M
LVS,2017-12,14.00M,2.419B,1.675B,296.00M,0,1.53,1.53,89.00M,25.65B,1.716B,2017-12,37.00M,1.212B,-82.00M,-82.00M,16.75B,613.00M,9.344B,1.021B,2.088B,932.00M,-429.00M,5.00M,3.391B,403.00M,6.486B,20.69B,1.00M,3.197B,2.956B,13.06B,17.49B,10.10B,695.00M,951.00M,615.00M
LVS,2017-09,-13.00M,2.001B,1.574B,134.00M,0,0.72,0.72,93.00M,24.98B,1.587B,2017-09,45.00M,569.00M,-79.00M,-79.00M,16.73B,637.00M,9.483B,876.00M,2.527B,757.00M,73.00M,3.00M,3.161B,410.00M,5.896B,19.81B,1.00M,2.836B,2.661B,12.92B,16.97B,10.26B,711.00M,535.00M,637.00M
LVS,2017-06,-46.00M,2.307B,1.529B,126.00M,0,0.69,0.69,96.00M,24.79B,1.58B,2017-06,47.00M,546.00M,-75.00M,-75.00M,16.80B,626.00M,10.01B,820.00M,2.433B,717.00M,78.00M,2.00M,3.109B,396.00M,5.923B,20.14B,1.00M,3.10B,2.559B,13.34B,17.04B,10.78B,760.00M,528.00M,623.00M
LVS,2017-03,-61.00M,1.956B,1.551B,119.00M,0,0.61,0.61,100.00M,24.78B,1.516B,2017-03,47.00M,481.00M,-75.00M,-75.00M,16.97B,619.00M,9.671B,767.00M,2.393B,648.00M,69.00M,3.00M,3.067B,381.00M,5.997B,20.04B,1.00M,2.82B,2.512B,12.94B,17.22B,10.42B,749.00M,577.00M,683.00M
LVS,2016-12,-119.00M,2.128B,1.424B,167.00M,0,0.64,0.64,103.00M,24.94B,1.512B,2016-12,46.00M,518.00M,-72.00M,-72.00M,17.11B,613.00M,9.428B,742.00M,2.131B,668.00M,52.00M,2.00M,2.936B,404.00M,6.177B,20.47B,1.00M,3.098B,2.806B,12.97B,17.37B,10.17B,770.00M,1.016B,776.00M
LVS,2016-09,-3.252M,1.790B,1.448B,163.82M,0,0.65,0.65,108.78M,24.86B,1.521B,2016-09,43.76M,513.00M,-63.00M,-63.00M,17.57B,621.38M,9.593B,725.00M,2.610B,675.00M,69.00M,3.00M,2.969B,369.00M,6.344B,20.68B,0.83M,2.839B,2.774B,13.11B,17.84B,10.34B,796.00M,795.69M,868.09M
LVS,2016-06,22.02M,2.225B,1.354B,211.75M,0,0.41,0.41,113.30M,24.43B,1.295B,2016-06,42.36M,328.00M,-62.00M,-62.00M,17.39B,620.03M,10.06B,529.00M,2.408B,449.00M,55.00M,2.00M,2.649B,424.00M,6.427B,20.98B,0.83M,3.309B,2.620B,13.42B,17.67B,10.80B,766.00M,696.48M,925.97M
LVS,2016-03,-7.592M,1.696B,1.46B,152.02M,431.00M,0.4,0.4,68.26M,23.97B,1.257B,2016-03,43.17M,320.00M,-67.00M,-67.00M,17.19B,623.83M,9.235B,585.00M,2.244B,472.00M,63.00M,2.00M,2.717B,346.00M,6.635B,20.38B,0.83M,2.952B,2.396B,12.37B,17.43B,9.975B,672.00M,677.90M,1.082B
LVS,2015-12,-66.00M,2.179B,1.472B,95.00M,14.77M,0.59,0.59,71.00M,23.82B,1.389B,2015-12,43.00M,465.55M,-63.58M,-63.58M,16.99B,619.00M,9.249B,717.92M,1.938B,637.34M,62.06M,2.972M,2.861B,361.53M,6.817B,20.86B,1.00M,3.609B,2.464B,12.44B,17.25B,9.981B,671.20M,992.00M,1.268B
LVS,2015-09,-86.34M,1.855B,1.499B,94.67M,13.77M,0.65,0.65,74.87M,23.05B,1.394B,2015-09,39.76M,519.36M,-64.80M,-64.80M,16.77B,594.78M,9.034B,739.78M,2.255B,690.54M,72.35M,3.147M,2.894B,351.60M,6.892B,20.50B,0.83M,3.329B,2.365B,12.12B,17.17B,9.752B,654.57M,602.56M,1.315B
LVS,2015-06,26.40M,2.819B,1.562B,98.23M,13.61M,0.59,0.59,78.84M,22.98B,1.359B,2015-06,39.82M,469.17M,-61.74M,-61.74M,16.85B,600.37M,9.720B,691.87M,2.579B,627.42M,45.93M,2.348M,2.921B,360.17M,7.071B,21.61B,0.83M,4.319B,2.691B,13.14B,17.29B,10.45B,667.30M,598.85M,1.342B
LVS,2015-03,-6.696M,2.406B,1.583B,97.16M,464.59M,0.64,0.64,82.09M,22.51B,1.428B,2015-03,42.09M,511.92M,-59.88M,-59.88M,16.62B,600.78M,9.144B,726.44M,2.325B,666.70M,55.66M,1.533M,3.012B,369.70M,7.144B,21.05B,0.83M,3.987B,2.436B,12.31B,17.06B,9.869B,701.92M,613.24M,1.408B
LVS,2014-12,76.10M,3.506B,1.780B,99.73M,8.98M,0.9,0.9,86.26M,22.70B,1.636B,2014-12,41.67M,721.68M,-57.61M,-57.61M,16.73B,615.97M,9.893B,1.024B,2.136B,968.99M,91.06M,5.048M,3.416B,288.96M,7.214B,22.35B,0.829M,5.190B,2.700B,13.33B,17.16B,10.63B,612.08M,957.31M,1.511B
LVS,2014-09,158.02M,3.147B,1.884B,102.60M,16.68M,0.84,0.83,90.73M,22.30B,1.649B,2014-09,43.09M,671.70M,-61.17M,-61.17M,16.75B,591.48M,9.836B,972.22M,2.508B,908.37M,47.87M,3.043M,3.533B,384.20M,7.207B,22.03B,0.829M,4.817B,2.619B,13.17B,17.21B,10.55B,677.02M,500.20M,1.497B
LVS,2014-06,207.32M,3.293B,1.943B,435.79M,16.97M,0.83,0.83,95.00M,22.17B,1.682B,2014-06,43.08M,671.43M,-63.89M,-63.89M,16.83B,592.97M,9.943B,965.06M,2.406B,899.76M,46.92M,4.217M,3.624B,372.66M,7.276B,22.25B,0.829M,4.978B,2.858B,13.51B,17.27B,10.65B,716.74M,524.01M,1.532B
LVS,2014-03,184.63M,3.303B,2.140B,304.95M,463.86M,0.95,0.95,98.52M,21.88B,1.871B,2014-03,41.38M,776.18M,-65.32M,-65.32M,16.78B,595.55M,9.969B,1.144B,2.637B,1.056B,59.15M,1.692M,4.010B,387.18M,7.287B,22.47B,0.829M,5.242B,2.959B,13.64B,17.23B,10.68B,726.16M,584.04M,1.781B
LVS,2013-12,173.78M,3.600B,2.044B,377.51M,0,0.71,0.7,102.08M,21.91B,1.612B,2013-12,41.95M,577.54M,-61.60M,-61.60M,16.79B,599.12M,9.383B,887.80M,2.288B,809.63M,39.90M,0.969M,3.656B,398.91M,7.665B,22.72B,0.827M,5.516B,3.130B,13.22B,17.21B,10.09B,724.24M,1.108B,1.762B
LVS,2013-09,194.21M,3.209B,1.912B,1.302B,388.36M,0.76,0.76,106.23M,21.50B,1.656B,2013-09,41.68M,626.74M,-63.10M,-63.10M,16.84B,600.16M,8.462B,917.56M,2.743B,854.94M,45.64M,3.487M,3.569B,419.33M,7.586B,22.49B,0.826M,5.207B,4.045B,13.25B,17.28B,9.209B,738.92M,520.02M,1.849B
LVS,2013-06,175.11M,2.514B,1.773B,980.17M,254.67M,0.64,0.64,109.68M,21.28B,1.47B,2013-06,41.23M,529.75M,-65.14M,-65.14M,16.87B,598.99M,8.511B,785.40M,2.595B,719.39M,47.72M,6.002M,3.243B,354.35M,7.500B,21.78B,0.825M,4.465B,3.575B,12.83B,17.32B,9.251B,684.60M,577.71M,1.803B
LVS,2013-03,217.30M,2.380B,1.788B,97.35M,0,0.69,0.69,68.04M,21.27B,1.515B,2013-03,42.38M,571.96M,-65.04M,-65.04M,17.08B,608.20M,9.731B,828.64M,2.592B,759.56M,55.58M,5.351M,3.303B,346.69M,7.326B,22.01B,0.825M,4.502B,2.689B,13.17B,17.51B,10.48B,686.28M,717.72M,1.974B
LVS,2012-12,263.08M,2.513B,1.711B,97.80M,0,0.53,0.53,70.62M,21.40B,1.366B,2012-12,43.88M,434.78M,-60.53M,-60.53M,17.23B,616.22M,10.13B,673.02M,2.137B,616.50M,45.16M,7.762M,3.077B,360.21M,7.062B,22.16B,0.824M,4.478B,2.623B,13.51B,17.69B,10.88B,693.37M,1.042B,1.819B
LVS,2012-09,256.22M,3.745B,1.498B,98.14M,0,0.43,0.42,73.16M,19.36B,1.211B,2012-09,42.51M,349.78M,-58.12M,-58.12M,15.64B,587.61M,9.398B,534.25M,2.422B,478.33M,33.35M,4.201M,2.709B,323.45M,9.068B,23.16B,0.823M,5.599B,2.520B,12.63B,17.56B,10.11B,676.88M,685.72M,1.702B
LVS,2012-06,162.53M,3.522B,1.426B,97.74M,0,0.29,0.29,75.44M,20.24B,1.156B,2012-06,40.54M,240.59M,-57.64M,-57.64M,16.72B,586.17M,9.276B,498.99M,2.152B,325.47M,39.08M,6.797M,2.582B,317.63M,8.829B,22.42B,0.823M,5.226B,2.249B,12.23B,17.19B,9.980B,656.77M,593.33M,1.562B
LVS,2012-03,191.94M,4.056B,1.434B,469.32M,0,0.66,0.61,78.02M,20.05B,1.328B,2012-03,40.01M,498.94M,-59.02M,-59.02M,16.74B,592.68M,9.383B,751.04M,2.023B,642.28M,63.17M,1.198M,2.763B,267.67M,8.806B,22.87B,0.823M,5.723B,2.493B,12.57B,17.15B,10.08B,577.24M,593.63M,1.530B
LVS,2011-12,94.10M,3.903B,1.373B,455.85M,0,0.43,0.39,80.07M,19.69B,1.172B,2011-12,34.99M,435.28M,-62.06M,-62.06M,16.42B,639.69M,9.577B,664.61M,1.788B,584.10M,59.74M,5.008M,2.544B,170.44M,7.851B,22.24B,0.733M,5.397B,2.499B,12.80B,16.85B,10.31B,507.20M,930.90M,1.337B
LVS,2011-09,103.07M,3.952B,1.218B,457.34M,0,0.48,0.44,82.55M,17.70B,1.191B,2011-09,33.46M,424.88M,-68.39M,-68.39M,14.80B,521.80M,9.282B,633.49M,1.876B,557.55M,52.38M,3.308M,2.409B,310.53M,7.629B,21.97B,108.10M,5.343B,2.333B,12.84B,16.62B,10.51B,558.00M,537.45M,1.113B
LVS,2011-06,218.50M,3.479B,1.203B,1.073B,0,0.5,0.45,85.84M,19.05B,1.142B,2011-06,35.63M,410.64M,-66.56M,-66.56M,16.33B,516.76M,8.985B,615.56M,1.666B,543.47M,54.37M,2.42M,2.345B,284.12M,7.398B,21.74B,138.75M,4.721B,2.739B,12.92B,17.02B,10.18B,526.23M,515.57M,968.99M
