Ticker,Date,Accrued Comprehensive Inc,Cash and Short Term Investments,Cost of Goods Sold,Current Debt & Capital Lease Obligation,Current Deferred Liabilities,EPS Basic,EPS Diluted,Goodwill and Intangibles,Gross PP&E,Gross Profit,Income (Quarterly),Inventories,Net Income,Net Non-Operating Interest Income Expense,Net Operating Interest Income,Net PP&E,Non-Current Deferred Liabilities,Non-Current Portion of LTD and Capital Lease Obligation,Operating Income,Payables and Accrued Expenses,Pre-Tax Income,Provision for Income Taxes,Revenue,SG&A Expense,Shareholders Equity,Total Assets,Total Capital Stock,Total Current Assets,Total Current Liabilities,Total Liabilities,Total Long Term Assets,Total Long Term Liabilities,Total Operating Expenses,Total Payables,Total Receivables
LYV,2020-12,-177.01M,2.538B,203.27M,160.56M,1.879B,-2.04,-2.04,3.354B,4.128B,34.11M,2020-12,22.00M,-443.33M,-62.03M,-62.03M,2.526B,285.80M,6.301B,-388.41M,1.635B,-443.28M,20.54M,237.38M,281.04M,-471.77M,10.59B,2.145M,3.650B,3.797B,10.72B,6.940B,6.926B,422.52M,830.45M,501.29M
LYV,2020-09,-222.22M,2.625B,130.75M,166.52M,1.632B,-2.45,-2.45,3.316B,4.152B,53.27M,2020-09,16.11M,-528.90M,-63.28M,-63.28M,2.568B,177.89M,6.316B,-504.23M,1.735B,-559.36M,-16.90M,184.02M,405.93M,-99.43M,10.89B,2.138M,3.860B,3.583B,10.64B,7.026B,7.056B,557.50M,774.97M,564.87M
LYV,2020-06,-243.80M,3.290B,194.56M,183.36M,1.157B,-2.67,-2.67,3.318B,4.064B,-120.47M,2020-06,12.58M,-565.92M,-50.26M,-50.26M,2.542B,177.75M,6.243B,-587.51M,2.049B,-639.77M,-29.18M,74.08M,323.35M,341.92M,11.62B,2.125M,4.433B,3.492B,10.94B,7.189B,7.446B,467.04M,960.79M,618.58M
LYV,2020-03,-259.33M,3.270B,873.82M,158.02M,2.273B,-0.94,-0.94,3.275B,3.991B,491.87M,2020-03,0,-184.78M,-39.53M,-39.53M,2.533B,178.54M,5.031B,-172.54M,2.225B,-214.25M,-3.33M,1.366B,514.02M,859.35M,11.86B,2.118M,4.851B,4.730B,10.63B,7.010B,5.901B,664.41M,995.40M,759.43M
LYV,2019-12,-145.71M,2.470B,2.188B,159.74M,1.404B,-0.88,-0.88,3.238B,3.941B,701.71M,2019-12,0,-159.95M,-45.45M,-45.45M,2.520B,280.54M,4.646B,-84.74M,2.221B,-129.74M,6.904M,2.889B,624.58M,1.146B,10.98B,2.113M,4.193B,4.108B,9.512B,6.783B,5.404B,786.45M,1.106B,1.029B
LYV,2019-09,-181.05M,1.795B,2.800B,186.57M,1.116B,0.74,0.71,2.963B,3.576B,973.26M,2019-09,0,178.92M,-30.72M,-30.72M,2.194B,166.30M,3.787B,259.74M,2.617B,221.25M,27.28M,3.774B,542.55M,1.287B,9.967B,2.111M,3.850B,3.959B,8.444B,6.117B,4.485B,713.52M,1.105B,1.215B
LYV,2019-06,-148.79M,2.270B,2.327B,175.47M,1.891B,0.43,0.41,3.048B,3.557B,829.60M,2019-06,0,89.84M,-32.97M,-32.97M,2.212B,169.98M,3.848B,171.48M,2.500B,144.87M,28.75M,3.157B,513.50M,1.174B,10.53B,2.101M,4.285B,4.606B,9.122B,6.244B,4.516B,658.11M,1.160B,1.097B
LYV,2019-03,-148.12M,2.671B,1.152B,193.72M,2.069B,-0.31,-0.31,2.865B,3.374B,576.22M,2019-03,0,-52.44M,-33.97M,-33.97M,2.058B,142.71M,3.787B,-24.01M,2.368B,-51.28M,3.958M,1.728B,464.87M,1.043B,10.30B,2.099M,4.425B,4.689B,9.062B,5.878B,4.373B,600.23M,1.228B,920.04M
LYV,2018-12,-145.23M,2.372B,1.976B,82.14M,1.273B,-0.83,-0.83,2.853B,2.217B,625.47M,2018-12,0,-93.54M,-33.97M,-33.97M,946.59M,194.90M,2.733B,-90.47M,2.108B,-130.13M,5.051M,2.602B,561.32M,1.099B,8.497B,2.091M,3.848B,3.750B,7.154B,4.649B,3.404B,715.94M,1.127B,844.52M
LYV,2018-09,-134.92M,1.900B,2.924B,81.83M,890.78M,0.73,0.7,2.874B,2.144B,910.89M,2018-09,0,151.89M,-33.73M,-33.73M,913.36M,130.91M,2.732B,244.54M,2.570B,200.23M,17.03M,3.835B,524.65M,1.317B,8.512B,2.083M,3.881B,3.609B,6.961B,4.631B,3.352B,666.35M,1.161B,1.253B
LYV,2018-06,-125.84M,2.293B,2.135B,84.95M,1.846B,0.25,0.24,2.930B,2.080B,733.21M,2018-06,17.47M,69.36M,-32.81M,-32.81M,890.44M,134.97M,2.743B,134.83M,2.215B,95.16M,11.80M,2.868B,476.44M,1.163B,8.953B,2.079M,4.263B,4.207B,7.547B,4.689B,3.341B,598.38M,1.035B,949.42M
LYV,2018-03,-92.28M,2.942B,932.08M,119.41M,2.039B,-0.24,-0.24,2.901B,2.053B,550.30M,2018-03,15.11M,-33.91M,-31.50M,-31.50M,886.90M,138.52M,2.747B,-5.992M,2.221B,-34.14M,6.884M,1.482B,434.61M,1.138B,9.118B,2.076M,4.645B,4.439B,7.745B,4.473B,3.307B,556.29M,1.201B,783.81M
LYV,2017-12,-108.54M,1.825B,1.750B,347.59M,1.069B,-1.13,-1.13,2.853B,2.014B,570.22M,2017-12,0,-190.89M,-25.98M,-25.98M,885.94M,189.15M,1.952B,-202.48M,1.910B,-233.12M,-59.34M,2.320B,614.17M,1.181B,7.504B,2.069M,3.153B,3.577B,6.086B,4.352B,2.509B,772.70M,1.034B,746.58M
LYV,2017-09,-117.87M,1.801B,2.634B,71.67M,909.04M,0.56,0.53,2.890B,1.938B,806.37M,2017-09,0,136.39M,-25.16M,-25.16M,844.81M,202.05M,2.240B,201.38M,2.181B,174.46M,25.68M,3.440B,475.86M,1.379B,7.811B,2.06M,3.564B,3.213B,6.196B,4.247B,2.983B,604.98M,953.47M,991.22M
LYV,2017-06,-136.13M,2.217B,2.022B,66.43M,1.737B,0.31,0.29,2.922B,1.873B,661.11M,2017-06,0,81.48M,-25.85M,-25.85M,817.37M,205.77M,2.249B,113.55M,1.983B,90.54M,9.984M,2.684B,434.38M,1.227B,8.251B,2.054M,3.984B,3.837B,6.794B,4.267B,2.958B,547.57M,982.03M,865.11M
LYV,2017-03,-165.23M,2.228B,775.26M,59.94M,1.796B,-0.22,-0.22,2.914B,1.802B,467.62M,2017-03,0,-32.99M,-25.06M,-25.06M,782.17M,203.21M,2.259B,-22.02M,1.632B,-41.25M,6.521M,1.243B,383.31M,1.117B,7.824B,2.047M,3.601B,3.539B,6.483B,4.222B,2.944B,489.64M,924.42M,584.64M
LYV,2016-12,-176.71M,1.527B,821.28M,53.32M,828.27M,-0.58,-0.58,2.928B,1.745B,447.66M,2016-12,0,-101.36M,-29.80M,-29.80M,751.54M,249.54M,2.260B,-37.09M,1.371B,-91.10M,1.872M,1.269B,422.00M,1.126B,6.764B,2.034M,2.674B,2.460B,5.415B,4.091B,2.954B,484.75M,781.50M,568.94M
LYV,2016-09,-144.27M,1.040B,2.428B,46.69M,518.68M,0.51,0.49,2.800B,1.695B,742.41M,2016-09,0,111.08M,-24.62M,-24.62M,720.59M,198.66M,1.985B,191.54M,1.681B,146.58M,13.82M,3.170B,414.41M,1.281B,6.417B,2.027M,2.407B,2.281B,4.898B,4.010B,2.617B,550.87M,775.58M,785.42M
LYV,2016-06,-136.40M,1.512B,1.606B,44.92M,1.348B,0.13,0.13,2.850B,1.662B,573.57M,2016-06,0,37.74M,-24.63M,-24.63M,712.81M,198.62M,1.985B,73.88M,1.592B,41.87M,5.406M,2.179B,374.83M,1.189B,7.043B,2.024M,2.970B,3.023B,5.628B,4.073B,2.604B,499.69M,813.81M,634.56M
LYV,2016-03,-112.90M,1.699B,784.20M,43.99M,1.354B,-0.29,-0.29,2.774B,1.650B,423.51M,2016-03,0,-44.52M,-24.88M,-24.88M,722.79M,204.03M,1.993B,-33.26M,1.499B,-49.03M,6.927M,1.208B,337.21M,1.184B,6.927B,2.023M,2.966B,2.926B,5.523B,3.961B,2.596B,456.78M,878.92M,480.68M
LYV,2015-12,-111.66M,1.303B,1.222B,42.35M,635.05M,-0.47,-0.47,2.751B,1.626B,514.96M,2015-12,14.39M,-78.33M,-24.92M,-24.92M,731.28M,250.00M,2.003B,-40.19M,1.251B,-70.95M,2.89M,1.737B,402.93M,1.237B,6.156B,2.02M,2.288B,2.101B,4.709B,3.868B,2.608B,555.15M,721.55M,452.60M
LYV,2015-09,-94.23M,1.061B,1.974B,42.13M,521.65M,0.39,0.38,2.771B,1.605B,648.60M,2015-09,12.82M,89.05M,-25.38M,-25.38M,719.52M,208.76M,1.994B,154.14M,1.535B,117.96M,13.58M,2.623B,365.22M,1.331B,6.265B,2.019M,2.297B,2.132B,4.718B,3.969B,2.586B,494.46M,748.93M,631.34M
LYV,2015-06,-87.93M,1.526B,1.279B,57.29M,1.201B,0.06,0.06,2.774B,1.610B,486.68M,2015-06,12.27M,15.06M,-25.26M,-25.26M,701.76M,194.61M,1.973B,42.17M,1.444B,25.12M,4.91M,1.766B,329.57M,1.251B,6.714B,2.016M,2.753B,2.727B,5.269B,3.961B,2.542B,444.51M,808.81M,524.23M
LYV,2015-03,-114.48M,1.607B,721.29M,64.10M,1.082B,-0.31,-0.31,2.456B,1.546B,399.02M,2015-03,0,-58.28M,-23.80M,-23.80M,675.79M,195.39M,1.969B,-24.42M,1.339B,-65.78M,0.745M,1.120B,314.54M,1.196B,6.338B,2.009M,2.653B,2.507B,4.950B,3.685B,2.443B,423.45M,794.30M,434.54M
LYV,2014-12,-70.01M,1.382B,1.128B,47.44M,544.82M,-0.95,-0.95,2.531B,1.551B,444.25M,2014-12,0,-186.46M,-24.95M,-24.95M,695.34M,225.78M,1.996B,-56.84M,1.268B,-210.89M,5.112M,1.572B,359.31M,1.297B,5.968B,2.004M,2.268B,2.011B,4.485B,3.701B,2.474B,501.09M,732.26M,419.30M
LYV,2014-09,-37.58M,1.358B,1.877B,47.95M,399.53M,0.52,0.49,2.474B,1.530B,625.49M,2014-09,0,105.16M,-27.48M,-27.48M,695.94M,165.22M,2.027B,151.24M,1.507B,112.69M,-3.137M,2.502B,349.68M,1.505B,6.048B,1.998M,2.498B,1.992B,4.366B,3.550B,2.375B,474.25M,742.92M,607.15M
LYV,2014-06,16.83M,2.042B,1.185B,269.63M,1.001B,0.11,0.11,2.527B,1.541B,481.09M,2014-06,0,22.93M,-26.44M,-26.44M,709.34M,167.18M,2.039B,53.23M,1.560B,30.53M,4.71M,1.666B,325.92M,1.462B,6.872B,1.993M,3.311B,2.873B,5.241B,3.561B,2.368B,427.86M,850.75M,563.39M
LYV,2014-03,7.493M,1.629B,731.15M,284.06M,1.021B,-0.17,-0.17,2.534B,1.497B,396.16M,2014-03,0,-32.45M,-23.83M,-23.83M,697.98M,161.44M,1.524B,-10.00M,1.480B,-32.15M,-2.055M,1.127B,302.40M,1.395B,6.260B,1.989M,2.712B,2.836B,4.687B,3.548B,1.850B,406.17M,858.18M,509.12M
LYV,2013-12,-2.37M,1.299B,1.195B,278.40M,489.94M,-0.43,-0.43,2.520B,1.503B,418.18M,2013-12,0,-82.04M,-23.21M,-23.21M,706.80M,170.75M,1.530B,-45.29M,1.283B,-76.75M,4.508M,1.613B,326.65M,1.409B,5.684B,1.978M,2.160B,2.256B,4.094B,3.523B,1.838B,463.46M,767.57M,439.15M
LYV,2013-09,-11.26M,1.303B,1.699B,263.69M,395.76M,0.22,0.22,2.418B,1.464B,563.50M,2013-09,0,43.77M,-27.85M,-27.85M,697.00M,189.50M,1.541B,119.33M,1.558B,64.83M,14.41M,2.262B,325.00M,1.490B,5.776B,1.973M,2.365B,2.234B,4.123B,3.411B,1.889B,444.18M,773.19M,578.43M
LYV,2013-06,-51.96M,1.385B,1.210B,61.66M,1.018B,0.3,0.3,2.413B,1.423B,469.60M,2013-06,12.03M,58.13M,-29.15M,-29.15M,692.70M,192.82M,1.662B,69.38M,1.421B,67.42M,8.401M,1.680B,295.72M,1.392B,6.083B,1.959M,2.687B,2.517B,4.538B,3.395B,2.021B,400.22M,790.27M,634.51M
LYV,2013-03,-45.10M,1.246B,576.93M,61.37M,890.76M,-0.33,-0.33,2.387B,1.429B,346.76M,2013-03,12.95M,-63.24M,-26.38M,-26.38M,701.31M,196.84M,1.671B,-35.58M,1.286B,-60.63M,3.559M,923.70M,279.52M,1.283B,5.688B,1.915M,2.320B,2.253B,4.256B,3.369B,2.003B,382.34M,713.21M,486.17M
LYV,2012-12,-10.92M,1.001B,1.048B,62.05M,405.36M,-0.86,-0.86,2.460B,1.449B,388.96M,2012-12,0,-159.72M,-27.66M,-27.66M,721.79M,207.38M,1.678B,-124.54M,1.155B,-157.12M,8.28M,1.437B,310.71M,1.355B,5.291B,1.877M,1.813B,1.768B,3.782B,3.478B,2.014B,513.50M,660.67M,415.79M
LYV,2012-09,-16.44M,783.67M,1.457B,60.07M,326.73M,0.31,0.31,2.551B,1.415B,505.72M,2012-09,0,57.95M,-34.54M,-34.54M,717.90M,190.68M,1.686B,106.35M,1.335B,80.13M,11.95M,1.963B,283.85M,1.502B,5.432B,1.873M,1.842B,1.738B,3.721B,3.590B,1.983B,399.37M,676.66M,583.32M
LYV,2012-06,-45.33M,1.005B,1.107B,57.70M,830.28M,0.04,0.04,2.549B,1.384B,443.81M,2012-06,0,7.692M,-28.56M,-28.56M,712.82M,192.03M,1.682B,41.19M,1.265B,10.79M,5.228M,1.551B,280.94M,1.406B,5.748B,1.871M,2.176B,2.171B,4.151B,3.573B,1.981B,402.62M,666.91M,492.48M
LYV,2012-03,-11.06M,1.071B,538.71M,51.22M,713.99M,-0.37,-0.37,2.501B,1.371B,329.28M,2012-03,0,-69.15M,-28.81M,-28.81M,714.88M,177.43M,1.662B,-41.78M,1.228B,-65.95M,4.278M,868.00M,268.14M,1.424B,5.550B,1.869M,2.033B,2.013B,3.965B,3.517B,1.953B,371.06M,678.20M,421.92M
LYV,2011-12,-36.37M,844.25M,817.91M,52.63M,282.90M,-0.55,-0.55,2.509B,1.346B,367.77M,2011-12,0,-99.52M,-28.58M,-28.58M,720.14M,204.95M,1.653B,-65.52M,1.027B,-92.38M,3.32M,1.186B,216.73M,1.461B,5.077B,1.868M,1.577B,1.493B,3.460B,3.501B,1.968B,433.29M,561.58M,389.35M
LYV,2011-09,-5.072M,782.57M,1.286B,56.56M,273.95M,0.28,0.27,2.522B,1.320B,503.72M,2011-09,0,51.71M,-29.36M,-29.36M,715.76M,177.42M,1.668B,110.30M,1.084B,71.76M,8.739M,1.790B,309.85M,1.579B,5.169B,1.867M,1.637B,1.438B,3.446B,3.532B,2.008B,393.42M,521.62M,489.24M
LYV,2011-06,32.24M,1.004B,1.138B,57.65M,641.32M,0.07,0.07,2.586B,1.316B,420.73M,2011-06,0,13.26M,-29.55M,-29.55M,734.88M,187.40M,1.675B,52.42M,1.206B,23.27M,6.659M,1.559B,291.38M,1.556B,5.652B,1.867M,2.035B,1.938B,3.963B,3.617B,2.025B,368.31M,625.01M,487.84M
LYV,2011-03,23.20M,987.19M,547.12M,56.01M,646.11M,-0.27,-0.27,2.610B,1.292B,302.28M,2011-03,0,-48.46M,-28.70M,-28.70M,735.18M,187.19M,1.676B,-69.20M,1.087B,-99.28M,-44.94M,849.41M,294.00M,1.455B,5.475B,1.801M,1.848B,1.826B,3.852B,3.628B,2.026B,371.49M,629.19M,385.99M
