Ticker,Date,Accrued Comprehensive Inc,Cash and Short Term Investments,Cost of Goods Sold,Current Debt & Capital Lease Obligation,Current Deferred Liabilities,EPS Basic,EPS Diluted,Goodwill and Intangibles,Gross PP&E,Gross Profit,Income (Quarterly),Inventories,Net Income,Net Non-Operating Interest Income Expense,Net Operating Interest Income,Net PP&E,Non-Current Deferred Liabilities,Non-Current Portion of LTD and Capital Lease Obligation,Operating Income,Payables and Accrued Expenses,Pre-Tax Income,Provision for Income Taxes,Revenue,SG&A Expense,Shareholders Equity,Total Assets,Total Capital Stock,Total Current Assets,Total Current Liabilities,Total Liabilities,Total Long Term Assets,Total Long Term Liabilities,Total Operating Expenses,Total Payables,Total Receivables
MAR,2020-12,-135.00M,877.00M,1.784B,1.173B,0,-0.5,-0.5,18.16B,3.154B,388.00M,2020-12,0,-164.00M,-105.00M,-105.00M,2.266B,1.625B,10.03B,134.00M,2.81B,-314.00M,-150.00M,2.172B,183.00M,430.00M,24.70B,5.00M,2.825B,5.752B,24.27B,21.88B,18.52B,254.00M,527.00M,1.768B
MAR,2020-09,-446.00M,1.577B,1.817B,1.316B,0,0.31,0.31,17.59B,2.547B,437.00M,2020-09,0,100.00M,-107.00M,-107.00M,2.547B,1.761B,10.50B,253.00M,2.966B,127.00M,27.00M,2.254B,131.00M,229.00M,25.15B,5.00M,3.54B,6.006B,24.92B,21.61B,18.91B,184.00M,486.00M,1.791B
MAR,2020-06,-608.00M,2.283B,1.362B,1.665B,0,-0.72,-0.72,17.47B,2.577B,102.00M,2020-06,0,-234.00M,-119.00M,-119.00M,2.577B,1.786B,10.96B,-148.00M,2.973B,-298.00M,-64.00M,1.464B,178.00M,-79.00M,25.68B,5.00M,4.113B,6.118B,25.76B,21.57B,19.64B,250.00M,555.00M,1.621B
MAR,2020-03,-739.00M,1.76B,4.149B,1.664B,0,0.1,0.09,17.39B,2.636B,532.00M,2020-03,0,31.00M,-87.00M,-87.00M,2.636B,1.074B,11.42B,112.00M,3.302B,19.00M,-12.00M,4.681B,270.00M,-20.00M,25.55B,5.00M,4.049B,6.516B,25.57B,21.50B,19.05B,420.00M,828.00M,2.068B
MAR,2019-12,-361.00M,225.00M,4.704B,977.00M,0,0.85,0.85,17.69B,4.093B,667.00M,2019-12,0,279.00M,-89.00M,-89.00M,2.792B,1.13B,10.84B,221.00M,3.442B,326.00M,47.00M,5.371B,267.00M,703.00M,25.05B,5.00M,3.127B,6.677B,24.35B,21.92B,17.67B,446.00M,720.00M,2.395B
MAR,2019-09,-504.00M,276.00M,4.396B,227.00M,0,1.17,1.16,17.54B,2.915B,888.00M,2019-09,0,387.00M,-92.00M,-92.00M,2.915B,1.09B,11.42B,616.00M,3.326B,527.00M,140.00M,5.284B,220.00M,838.00M,24.81B,5.00M,2.90B,5.738B,23.97B,21.91B,18.24B,272.00M,813.00M,2.394B
MAR,2019-06,-326.00M,284.00M,4.438B,229.00M,0,0.7,0.69,17.68B,2.922B,867.00M,2019-06,0,232.00M,-96.00M,-96.00M,2.922B,1.127B,11.08B,582.00M,3.238B,314.00M,82.00M,5.305B,229.00M,1.24B,24.89B,5.00M,2.869B,5.624B,23.65B,22.02B,18.03B,285.00M,927.00M,2.328B
MAR,2019-03,-360.00M,258.00M,4.217B,231.00M,0,1.1,1.09,17.66B,2.94B,795.00M,2019-03,0,375.00M,-91.00M,-91.00M,2.94B,1.184B,10.91B,519.00M,2.992B,432.00M,57.00M,5.012B,222.00M,1.603B,24.75B,5.00M,2.735B,5.848B,23.14B,22.01B,17.30B,276.00M,745.00M,2.218B
MAR,2018-12,-391.00M,316.00M,4.472B,833.00M,0,0.93,0.92,17.42B,3.473B,817.00M,2018-12,0,317.00M,-88.00M,-88.00M,1.956B,1.216B,8.514B,513.00M,3.075B,345.00M,28.00M,5.289B,242.00M,2.225B,23.70B,5.00M,2.706B,6.437B,21.47B,20.99B,15.03B,304.00M,767.00M,2.133B
MAR,2018-09,-309.00M,373.00M,4.17B,617.00M,0,1.45,1.43,17.47B,0,881.00M,2018-09,0,503.00M,-81.00M,-81.00M,1.967B,1.183B,8.71B,608.00M,3.129B,594.00M,91.00M,5.051B,221.00M,2.324B,23.83B,5.00M,2.803B,6.051B,21.51B,21.03B,15.46B,273.00M,759.00M,2.175B
MAR,2018-06,-244.00M,366.00M,4.298B,616.00M,0,1.89,1.87,17.54B,2.89B,1.111B,2018-06,0,667.00M,-79.00M,-79.00M,1.958B,1.212B,8.375B,836.00M,3.111B,874.00M,207.00M,5.409B,217.00M,2.841B,23.84B,5.00M,2.817B,5.904B,21.00B,21.03B,15.10B,275.00M,834.00M,2.174B
MAR,2018-03,141.00M,701.00M,4.144B,988.00M,0,1.17,1.16,17.86B,3.32B,865.00M,2018-03,0,420.00M,-70.00M,-70.00M,1.791B,1.279B,7.858B,564.00M,3.243B,532.00M,112.00M,5.009B,247.00M,3.566B,24.48B,5.00M,3.152B,6.469B,20.92B,21.33B,14.45B,301.00M,766.00M,2.098B
MAR,2017-12,-17.00M,383.00M,4.445B,398.00M,0,0.31,0.31,17.75B,0,806.00M,2017-12,0,114.00M,-58.00M,-58.00M,1.793B,1.188B,7.84B,483.00M,3.288B,1.034B,920.00M,5.251B,270.00M,3.582B,23.85B,5.00M,2.74B,5.807B,20.26B,21.11B,14.46B,323.00M,783.00M,1.973B
MAR,2017-09,-49.00M,508.00M,4.001B,398.00M,0,1.3,1.29,17.94B,0,1.077B,2017-09,0,485.00M,-64.00M,-64.00M,1.894B,927.00M,8.271B,818.00M,3.251B,738.00M,253.00M,5.078B,205.00M,4.512B,24.24B,5.00M,2.944B,5.608B,19.72B,21.29B,14.12B,259.00M,733.00M,1.914B
MAR,2017-06,-156.00M,498.00M,4.141B,402.00M,0,1.29,1.28,17.35B,0,1.07B,2017-06,0,489.00M,-65.00M,-65.00M,2.102B,994.00M,7.911B,765.00M,3.013B,716.00M,227.00M,5.211B,234.00M,4.901B,23.88B,5.00M,2.83B,5.363B,18.98B,21.05B,13.62B,305.00M,650.00M,1.804B
MAR,2017-03,-312.00M,738.00M,4.052B,309.00M,0,0.96,0.95,17.12B,0,860.00M,2017-03,0,371.00M,-63.00M,-63.00M,2.109B,891.00M,8.161B,597.00M,2.966B,494.00M,123.00M,4.912B,212.00M,5.168B,23.92B,5.00M,3.121B,5.223B,18.76B,20.80B,13.53B,263.00M,661.00M,1.752B
MAR,2016-12,-497.00M,858.00M,2.863B,309.00M,0,0.63,0.62,16.87B,0,928.00M,2016-12,0,272.00M,-62.00M,-62.00M,2.335B,1.02B,8.197B,633.00M,2.972B,438.00M,166.00M,3.791B,273.00M,5.357B,24.14B,5.00M,3.371B,5.147B,18.78B,20.77B,13.64B,295.00M,687.00M,1.695B
MAR,2016-09,-169.00M,1.078B,3.346B,316.00M,0,0.26,0.26,17.22B,0,596.00M,2016-09,0,70.00M,-46.00M,-46.00M,2.411B,1.308B,8.506B,399.00M,3.053B,131.00M,61.00M,3.942B,161.00M,5.841B,25.00B,5.00M,3.787B,5.229B,19.16B,21.22B,13.93B,197.00M,667.00M,1.705B
MAR,2016-06,-173.00M,679.00M,3.315B,303.00M,0,0.97,0.96,2.42B,0,587.00M,2016-06,0,247.00M,-50.00M,-50.00M,1.056B,0,4.057B,403.00M,1.949B,344.00M,97.00M,3.902B,154.00M,-3.462B,6.65B,5.00M,1.959B,3.244B,10.11B,4.691B,6.868B,184.00M,621.00M,1.152B
MAR,2016-03,-177.00M,99.00M,3.211B,300.00M,0,0.86,0.85,2.414B,0,561.00M,2016-03,0,219.00M,-41.00M,-41.00M,1.042B,0,3.859B,375.00M,1.934B,326.00M,107.00M,3.772B,155.00M,-3.667B,6.121B,5.00M,1.424B,3.247B,9.788B,4.697B,6.541B,186.00M,597.00M,1.143B
MAR,2015-12,-196.00M,96.00M,3.176B,300.00M,0,0.79,0.77,2.394B,1.926B,530.00M,2015-12,0,202.00M,-36.00M,-36.00M,1.029B,16.00M,3.807B,310.00M,1.981B,284.00M,82.00M,3.706B,188.00M,-3.59B,6.082B,5.00M,1.384B,3.233B,9.672B,4.698B,6.439B,220.00M,593.00M,1.103B
MAR,2015-09,-120.00M,95.00M,3.059B,615.00M,0,0.8,0.78,2.42B,1.881B,519.00M,2015-09,0,210.00M,-38.00M,-38.00M,985.00M,0,3.689B,339.00M,1.964B,309.00M,99.00M,3.578B,149.00M,-3.589B,6.153B,5.00M,1.723B,3.509B,9.742B,4.43B,6.233B,180.00M,577.00M,1.144B
MAR,2015-06,-88.00M,140.00M,3.136B,614.00M,0,0.88,0.87,2.414B,1.896B,553.00M,2015-06,0,240.00M,-36.00M,-36.00M,987.00M,0,3.303B,369.00M,2.07B,355.00M,115.00M,3.689B,152.00M,-3.033B,6.321B,5.00M,1.906B,3.517B,9.354B,4.415B,5.837B,184.00M,640.00M,1.188B
MAR,2015-03,-90.00M,120.00M,2.992B,325.00M,0,0.75,0.73,2.289B,2.378B,521.00M,2015-03,0,207.00M,-28.00M,-28.00M,1.446B,0,3.703B,332.00M,2.03B,307.00M,100.00M,3.513B,145.00M,-2.537B,6.803B,5.00M,1.828B,3.03B,9.34B,4.975B,6.31B,189.00M,604.00M,1.172B
MAR,2014-12,-70.00M,104.00M,3.056B,324.00M,0,0.7,0.68,2.245B,2.652B,503.00M,2014-12,0,197.00M,-13.00M,-13.00M,1.46B,0,3.447B,291.00M,2.037B,282.00M,85.00M,3.559B,180.00M,-2.20B,6.833B,5.00M,1.61B,3.038B,9.033B,5.223B,5.995B,212.00M,605.00M,1.10B
MAR,2014-09,-53.00M,150.00M,2.957B,7.00M,0,0.66,0.65,2.236B,2.565B,503.00M,2014-09,0,192.00M,-21.00M,-21.00M,1.736B,0,3.521B,298.00M,1.371B,290.00M,98.00M,3.46B,172.00M,-1.842B,6.847B,5.00M,1.552B,2.738B,8.689B,5.295B,5.951B,205.00M,612.00M,1.03B
MAR,2014-06,-39.00M,192.00M,2.962B,7.00M,0,0.66,0.64,2.228B,2.464B,522.00M,2014-06,0,192.00M,-26.00M,-26.00M,1.647B,0,3.397B,316.00M,1.388B,285.00M,93.00M,3.484B,159.00M,-1.72B,6.83B,5.00M,1.537B,2.69B,8.55B,5.293B,5.86B,206.00M,617.00M,1.057B
MAR,2014-03,-41.00M,184.00M,2.855B,7.00M,0,0.58,0.57,2.00B,2.448B,438.00M,2014-03,0,172.00M,-25.00M,-25.00M,1.569B,0,3.295B,254.00M,1.348B,231.00M,59.00M,3.293B,148.00M,-1.625B,6.665B,5.00M,1.565B,2.596B,8.29B,5.10B,5.694B,184.00M,616.00M,1.035B
MAR,2013-12,-44.00M,126.00M,2.768B,6.00M,0,0.5,0.49,2.005B,2.461B,451.00M,2013-12,0,151.00M,-22.00M,-22.00M,1.543B,0,3.147B,238.00M,2.003B,210.00M,59.00M,3.219B,178.00M,-1.415B,6.794B,5.00M,1.903B,2.675B,8.209B,4.891B,5.534B,213.00M,557.00M,1.081B
MAR,2013-09,-49.00M,144.00M,2.734B,52.00M,0,0.53,0.52,1.989B,0,426.00M,2013-09,0,160.00M,-23.00M,-23.00M,1.489B,0,3.104B,245.00M,1.229B,223.00M,63.00M,3.16B,147.00M,-1.409B,6.48B,5.00M,1.646B,2.422B,7.889B,4.834B,5.467B,181.00M,496.00M,972.00M
MAR,2013-06,-54.00M,108.00M,2.791B,50.00M,0,0.58,0.57,1.991B,2.649B,472.00M,2013-06,11.00M,179.00M,-24.00M,-24.00M,1.634B,0,3.037B,279.00M,1.324B,263.00M,84.00M,3.263B,160.00M,-1.493B,6.377B,5.00M,1.404B,2.467B,7.87B,4.973B,5.403B,193.00M,554.00M,1.006B
MAR,2013-03,-46.00M,221.00M,2.727B,49.00M,0,0.44,0.43,1.993B,2.572B,415.00M,2013-03,11.00M,136.00M,-28.00M,-28.00M,1.574B,0,3.206B,226.00M,1.215B,201.00M,65.00M,3.142B,164.00M,-1.377B,6.523B,5.00M,1.626B,2.358B,7.90B,4.897B,5.542B,189.00M,517.00M,1.08B
MAR,2012-12,-44.00M,88.00M,3.203B,407.00M,0,0.58,0.56,1.989B,2.53B,554.00M,2012-12,12.00M,181.00M,-34.00M,-34.00M,1.539B,0,2.528B,309.00M,1.314B,271.00M,90.00M,3.757B,143.00M,-1.285B,6.342B,5.00M,1.475B,2.773B,7.627B,4.867B,4.854B,245.00M,569.00M,1.028B
MAR,2012-09,-49.00M,105.00M,2.384B,408.00M,0,0.45,0.44,1.772B,2.399B,345.00M,2012-09,12.00M,143.00M,-26.00M,-26.00M,1.421B,0,2.101B,213.00M,1.262B,222.00M,79.00M,2.729B,132.00M,-1.296B,5.865B,5.00M,1.158B,2.69B,7.161B,4.707B,4.471B,132.00M,594.00M,841.00M
MAR,2012-06,-53.00M,105.00M,2.373B,407.00M,0,0.44,0.42,1.72B,2.343B,403.00M,2012-06,11.00M,143.00M,-31.00M,-31.00M,1.383B,0,2.153B,243.00M,1.225B,209.00M,66.00M,2.776B,160.00M,-1.124B,6.007B,5.00M,1.355B,2.642B,7.131B,4.652B,4.489B,160.00M,592.00M,939.00M
MAR,2012-03,-38.00M,290.00M,2.23B,755.00M,0,0.31,0.3,1.727B,2.316B,322.00M,2012-03,1.029B,104.00M,-29.00M,-29.00M,1.367B,0,1.772B,175.00M,1.181B,147.00M,43.00M,2.552B,147.00M,-848.00M,6.171B,5.00M,1.464B,2.906B,7.019B,4.707B,4.113B,147.00M,579.00M,863.00M
MAR,2011-12,-48.00M,102.00M,3.192B,355.00M,0,0.4,0.4,1.721B,2.095B,501.00M,2011-12,1.365B,141.00M,-42.00M,-42.00M,1.168B,0,1.816B,247.00M,548.00M,202.00M,61.00M,3.693B,254.00M,-781.00M,5.91B,5.00M,1.324B,2.558B,6.691B,4.586B,4.133B,254.00M,548.00M,875.00M
MAR,2011-09,-16.00M,220.00M,2.838B,480.00M,0,-0.52,-0.52,1.716B,2.812B,36.00M,2011-09,1.459B,-179.00M,-37.00M,-37.00M,1.48B,0,2.623B,-144.00M,1.354B,-199.00M,-20.00M,2.874B,180.00M,430.00M,8.465B,5.00M,2.678B,3.10B,8.035B,5.787B,4.935B,180.00M,619.00M,1.011B
MAR,2011-06,-11.00M,117.00M,2.581B,482.00M,0,0.38,0.37,1.719B,2.787B,391.00M,2011-06,0,135.00M,-34.00M,-34.00M,1.483B,0,2.44B,232.00M,1.281B,201.00M,66.00M,2.972B,159.00M,1.136B,8.791B,5.00M,2.938B,2.917B,7.655B,5.853B,4.738B,159.00M,607.00M,1.006B
MAR,2011-03,2.00M,144.00M,2.428B,137.00M,0,0.27,0.26,1.677B,2.685B,350.00M,2011-03,0,101.00M,-37.00M,-37.00M,1.412B,0,2.72B,191.00M,1.192B,152.00M,51.00M,2.778B,159.00M,1.386B,8.76B,5.00M,2.999B,2.423B,7.374B,5.761B,4.951B,159.00M,557.00M,944.00M
