Ticker,Date,Accrued Comprehensive Inc,Cash and Short Term Investments,Cost of Goods Sold,Current Debt & Capital Lease Obligation,Current Deferred Liabilities,EPS Basic,EPS Diluted,Goodwill and Intangibles,Gross PP&E,Gross Profit,Income (Quarterly),Inventories,Net Income,Net Non-Operating Interest Income Expense,Net Operating Interest Income,Net PP&E,Non-Current Deferred Liabilities,Non-Current Portion of LTD and Capital Lease Obligation,Operating Income,Payables and Accrued Expenses,Pre-Tax Income,Provision for Income Taxes,Revenue,SG&A Expense,Shareholders Equity,Total Assets,Total Capital Stock,Total Current Assets,Total Current Liabilities,Total Liabilities,Total Long Term Assets,Total Long Term Liabilities,Total Operating Expenses,Total Payables,Total Receivables
MAS,2020-12,-142.00M,1.326B,1.20B,42.00M,62.00M,0.7552,0.74,920.00M,2.187B,660.00M,2020-12,876.00M,195.00M,-34.00M,-34.00M,1.074B,0,2.941B,307.00M,1.648B,275.00M,67.00M,1.86B,353.00M,195.00M,5.777B,258.00M,3.489B,1.934B,5.356B,2.288B,3.422B,353.00M,961.00M,1.138B
MAS,2020-09,-156.00M,1.326B,1.231B,5.00M,40.00M,1.05,1.05,781.00M,1.034B,752.00M,2020-09,811.00M,275.00M,-40.00M,-40.00M,1.034B,0,2.93B,424.00M,1.732B,380.00M,87.00M,1.983B,328.00M,141.00M,5.575B,261.00M,3.487B,1.737B,5.234B,2.088B,3.497B,328.00M,933.00M,1.262B
MAS,2020-06,-184.00M,1.089B,1.136B,407.00M,39.00M,0.85,0.85,780.00M,1.024B,628.00M,2020-06,750.00M,224.00M,-35.00M,-35.00M,1.024B,0,2.522B,339.00M,1.747B,302.00M,82.00M,1.764B,289.00M,-136.00M,5.302B,260.00M,3.225B,2.154B,5.265B,2.077B,3.111B,289.00M,845.00M,1.308B
MAS,2020-03,-199.00M,767.00M,1.034B,5.00M,0,1.93,1.92,782.00M,1.032B,547.00M,2020-03,756.00M,530.00M,-35.00M,-35.00M,1.032B,0,2.928B,225.00M,1.499B,174.00M,33.00M,1.581B,322.00M,-348.00M,4.84B,263.00M,2.745B,1.504B,5.005B,2.095B,3.501B,322.00M,743.00M,1.142B
MAS,2019-12,-179.00M,697.00M,1.074B,40.00M,0,1.644,1.59,768.00M,2.072B,565.00M,2019-12,754.00M,453.00M,-40.00M,-40.00M,1.054B,0,2.933B,255.00M,1.278B,217.00M,49.00M,1.639B,310.00M,-235.00M,5.027B,276.00M,2.711B,1.548B,5.083B,2.316B,3.535B,310.00M,752.00M,997.00M
MAS,2019-09,-118.00M,475.00M,1.105B,208.00M,0,0.44,0.44,951.00M,1.20B,611.00M,2019-09,924.00M,126.00M,-39.00M,-39.00M,1.20B,0,2.771B,289.00M,1.561B,241.00M,66.00M,1.716B,322.00M,-143.00M,5.52B,284.00M,2.792B,1.909B,5.497B,2.728B,3.588B,322.00M,879.00M,1.177B
MAS,2019-06,-117.00M,325.00M,1.166B,231.00M,0,0.82,0.82,1.278B,1.44B,673.00M,2019-06,975.00M,240.00M,-41.00M,-41.00M,1.44B,0,2.771B,347.00M,1.722B,303.00M,80.00M,1.839B,326.00M,-91.00M,5.653B,287.00M,2.843B,1.953B,5.582B,2.81B,3.629B,326.00M,1.023B,1.423B
MAS,2019-03,-123.00M,316.00M,991.00M,295.00M,0,0.39,0.39,1.281B,1.447B,522.00M,2019-03,1.011B,116.00M,-39.00M,-39.00M,1.447B,0,2.771B,206.00M,1.634B,153.00M,35.00M,1.513B,316.00M,-146.00M,5.602B,291.00M,2.758B,1.929B,5.56B,2.844B,3.631B,316.00M,954.00M,1.321B
MAS,2018-12,-127.00M,552.00M,495.00M,8.00M,0,0.6601,0.64,799.00M,1.842B,416.00M,2018-12,798.00M,194.00M,-39.00M,-39.00M,885.00M,0,2.971B,207.00M,1.302B,166.00M,33.00M,911.00M,209.00M,-111.00M,5.393B,294.00M,2.766B,1.684B,5.324B,2.627B,3.64B,209.00M,786.00M,990.00M
MAS,2018-09,-113.00M,569.00M,1.281B,2.00M,0,0.59,0.58,1.308B,0,623.00M,2018-09,1.005B,180.00M,-38.00M,-38.00M,1.211B,0,2.971B,286.00M,1.751B,248.00M,67.00M,1.904B,337.00M,36.00M,5.61B,303.00M,2.99B,1.753B,5.403B,2.62B,3.65B,337.00M,1.04B,1.298B
MAS,2018-06,-118.00M,384.00M,1.547B,2.00M,32.00M,0.69,0.68,1.307B,2.665B,750.00M,2018-06,1.017B,211.00M,-38.00M,-38.00M,1.187B,0,2.97B,358.00M,1.768B,312.00M,88.00M,2.297B,392.00M,-34.00M,5.565B,305.00M,2.962B,1.77B,5.439B,2.603B,3.669B,392.00M,1.093B,1.444B
MAS,2018-03,-84.00M,469.00M,1.301B,116.00M,0,0.48,0.47,1.32B,2.618B,619.00M,2018-03,1.05B,149.00M,-41.00M,-41.00M,1.183B,0,2.971B,244.00M,1.654B,200.00M,39.00M,1.92B,375.00M,-72.00M,5.63B,308.00M,2.993B,1.77B,5.447B,2.637B,3.677B,375.00M,1.008B,1.356B
MAS,2017-12,-65.00M,1.302B,13.00M,116.00M,0,0.2803,0.27,1.028B,0,212.00M,2017-12,784.00M,80.00M,-40.00M,-40.00M,1.129B,0,2.969B,91.00M,1.469B,-18.00M,-3.00M,225.00M,121.00M,-53.00M,5.534B,310.00M,3.263B,1.667B,5.351B,2.271B,3.684B,121.00M,884.00M,1.066B
MAS,2017-09,-127.00M,1.218B,1.288B,117.00M,0,0.48,0.48,957.00M,0,657.00M,2017-09,866.00M,152.00M,-43.00M,-43.00M,1.097B,0,2.969B,309.00M,1.591B,264.00M,100.00M,1.945B,348.00M,-159.00M,5.483B,311.00M,3.308B,1.708B,5.423B,2.175B,3.715B,348.00M,916.00M,1.128B
MAS,2017-06,-158.00M,1.136B,1.32B,117.00M,0,0.51,0.51,953.00M,0,746.00M,2017-06,850.00M,163.00M,-153.00M,-153.00M,1.08B,0,2.967B,372.00M,1.575B,262.00M,86.00M,2.066B,374.00M,-131.00M,5.489B,315.00M,3.306B,1.692B,5.419B,2.183B,3.727B,374.00M,960.00M,1.231B
MAS,2017-03,-214.00M,883.00M,1.173B,3.00M,0,0.43,0.43,989.00M,0,605.00M,2017-03,826.00M,138.00M,-43.00M,-43.00M,1.074B,0,2.996B,257.00M,1.421B,210.00M,62.00M,1.778B,348.00M,-268.00M,5.139B,316.00M,2.958B,1.424B,5.198B,2.181B,3.774B,348.00M,903.00M,1.144B
MAS,2016-12,-235.00M,1.191B,1.184B,2.00M,0,0.3082,0.3,986.00M,0,579.00M,2016-12,712.00M,100.00M,-43.00M,-43.00M,1.06B,0,2.995B,249.00M,1.406B,175.00M,67.00M,1.763B,330.00M,-298.00M,5.137B,318.00M,2.934B,1.46B,5.24B,2.203B,3.78B,330.00M,851.00M,917.00M
MAS,2016-09,-170.00M,1.223B,1.263B,3.00M,0,0.41,0.4,996.00M,0,614.00M,2016-09,758.00M,134.00M,-43.00M,-43.00M,1.049B,0,2.993B,269.00M,1.508B,227.00M,81.00M,1.877B,345.00M,-98.00M,5.373B,325.00M,3.122B,1.511B,5.27B,2.251B,3.759B,345.00M,866.00M,1.054B
MAS,2016-06,-170.00M,1.091B,1.301B,3.00M,0,0.45,0.45,996.00M,0,700.00M,2016-06,765.00M,150.00M,-87.00M,-87.00M,1.039B,0,2.993B,335.00M,1.629B,253.00M,90.00M,2.001B,365.00M,-117.00M,5.324B,326.00M,3.057B,1.632B,5.254B,2.267B,3.622B,365.00M,913.00M,1.113B
MAS,2016-03,-145.00M,2.37B,1.151B,1.303B,0,0.33,0.32,1.002B,0,569.00M,2016-03,755.00M,109.00M,-56.00M,-56.00M,1.04B,0,2.993B,234.00M,1.486B,177.00M,58.00M,1.72B,335.00M,-126.00M,6.554B,329.00M,4.248B,2.789B,6.47B,2.306B,3.681B,335.00M,834.00M,1.036B
MAS,2015-12,-165.00M,1.716B,1.183B,1.004B,0,0.2269,0.22,999.00M,2.574B,532.00M,2015-12,687.00M,75.00M,-54.00M,-54.00M,1.027B,114.00M,2.403B,212.00M,1.351B,160.00M,74.00M,1.715B,320.00M,-135.00M,5.664B,330.00M,3.328B,2.403B,5.606B,2.336B,3.203B,320.00M,806.00M,853.00M
MAS,2015-09,-159.00M,1.534B,1.25B,6.00M,0,0.33,0.32,1.006B,2.627B,589.00M,2015-09,749.00M,111.00M,-54.00M,-54.00M,1.025B,681.00M,3.418B,258.00M,1.554B,198.00M,77.00M,1.839B,331.00M,-159.00M,5.727B,332.00M,3.54B,1.56B,5.699B,2.187B,4.139B,331.00M,827.00M,1.006B
MAS,2015-06,-147.00M,1.507B,1.292B,6.00M,0,0.3,0.3,1.009B,2.99B,637.00M,2015-06,779.00M,105.00M,-61.00M,-61.00M,1.027B,942.00M,3.419B,279.00M,1.584B,221.00M,102.00M,1.929B,358.00M,-47.00M,5.869B,339.00M,3.59B,1.59B,5.738B,2.279B,4.148B,358.00M,889.00M,1.105B
MAS,2015-03,-180.00M,1.775B,1.164B,506.00M,0,0.18,0.18,2.036B,0,495.00M,2015-03,863.00M,64.00M,-56.00M,-56.00M,1.106B,938.00M,3.418B,165.00M,1.701B,110.00M,40.00M,1.659B,330.00M,769.00M,7.468B,343.00M,4.179B,2.207B,6.509B,3.289B,4.302B,330.00M,1.019B,1.248B
MAS,2014-12,-111.00M,1.685B,1.185B,505.00M,0,0.2899,0.28,982.00M,0,481.00M,2014-12,712.00M,100.00M,-56.00M,-56.00M,1.046B,397.00M,2.919B,158.00M,1.366B,111.00M,16.00M,1.666B,323.00M,924.00M,7.208B,345.00M,3.62B,2.211B,6.08B,3.588B,3.869B,323.00M,778.00M,820.00M
MAS,2014-09,64.00M,1.557B,1.312B,1.02B,0,1.52,1.51,2.038B,0,522.00M,2014-09,862.00M,543.00M,-57.00M,-57.00M,1.153B,1.065B,2.919B,181.00M,1.395B,131.00M,-415.00M,1.834B,341.00M,1.147B,7.373B,350.00M,4.001B,2.415B,6.015B,3.372B,3.60B,341.00M,505.00M,1.229B
MAS,2014-06,119.00M,1.423B,1.301B,1.122B,0,0.39,0.39,2.051B,0,575.00M,2014-06,894.00M,139.00M,-56.00M,-56.00M,1.216B,0,2.921B,221.00M,1.34B,171.00M,34.00M,1.876B,354.00M,686.00M,7.227B,349.00M,3.783B,2.462B,6.325B,3.444B,3.863B,354.00M,507.00M,1.306B
MAS,2014-03,115.00M,1.211B,1.418B,6.00M,0,0.21,0.21,2.053B,0,547.00M,2014-03,838.00M,74.00M,-56.00M,-56.00M,1.232B,0,3.421B,152.00M,1.714B,93.00M,5.00M,1.965B,395.00M,562.00M,6.88B,349.00M,3.418B,1.72B,6.079B,3.462B,4.359B,395.00M,954.00M,1.215B
MAS,2013-12,115.00M,1.544B,351.00M,6.00M,0,0.1288,0.12,2.052B,0,235.00M,2013-12,765.00M,48.00M,-57.00M,-57.00M,1.252B,0,3.421B,80.00M,1.632B,9.00M,-5.00M,586.00M,155.00M,559.00M,6.957B,349.00M,3.468B,1.686B,6.17B,3.489B,4.484B,155.00M,989.00M,1.004B
MAS,2013-09,81.00M,1.288B,1.543B,5.00M,0,0.31,0.3,2.049B,0,607.00M,2013-09,777.00M,109.00M,-58.00M,-58.00M,1.257B,0,3.421B,212.00M,1.833B,160.00M,38.00M,2.15B,395.00M,474.00M,7.059B,349.00M,3.493B,1.887B,6.373B,3.566B,4.486B,395.00M,986.00M,1.211B
MAS,2013-06,47.00M,1.223B,1.54B,207.00M,0,0.22,0.22,2.043B,3.013B,609.00M,2013-06,791.00M,78.00M,-60.00M,-60.00M,1.276B,1.05B,3.421B,188.00M,1.787B,132.00M,39.00M,2.149B,421.00M,356.00M,7.062B,349.00M,3.479B,2.042B,6.513B,3.583B,4.471B,421.00M,998.00M,1.255B
MAS,2013-03,36.00M,1.032B,1.368B,206.00M,0,0.15,0.15,2.041B,3.346B,508.00M,2013-03,763.00M,53.00M,-60.00M,-60.00M,1.294B,1.037B,3.421B,132.00M,1.577B,85.00M,14.00M,1.876B,376.00M,282.00M,6.779B,349.00M,3.174B,1.826B,6.284B,3.605B,4.458B,376.00M,863.00M,1.174B
MAS,2012-12,59.00M,1.351B,1.38B,206.00M,0,-0.2493,-0.25,2.045B,0,451.00M,2012-12,726.00M,-87.00M,-59.00M,-59.00M,1.326B,1.053B,3.422B,76.00M,1.565B,-26.00M,37.00M,1.831B,375.00M,322.00M,6.875B,349.00M,3.217B,1.862B,6.341B,3.658B,4.479B,375.00M,866.00M,933.00M
MAS,2012-09,99.00M,1.166B,1.413B,207.00M,0,0.04,0.04,2.084B,0,500.00M,2012-09,830.00M,15.00M,-62.00M,-62.00M,1.484B,953.00M,3.422B,109.00M,1.75B,51.00M,16.00M,1.913B,391.00M,467.00M,7.016B,349.00M,3.255B,1.967B,6.342B,3.761B,4.375B,391.00M,866.00M,1.156B
MAS,2012-06,61.00M,1.853B,1.424B,751.00M,0,-0.22,-0.22,2.079B,0,521.00M,2012-06,844.00M,-75.00M,-68.00M,-68.00M,1.489B,967.00M,3.622B,129.00M,1.791B,-12.00M,31.00M,1.945B,392.00M,429.00M,7.759B,348.00M,3.99B,2.551B,7.14B,3.769B,4.589B,392.00M,941.00M,1.206B
MAS,2012-03,103.00M,1.788B,1.322B,754.00M,0,0.09,0.09,2.09B,0,484.00M,2012-03,828.00M,33.00M,-64.00M,-64.00M,1.545B,958.00M,3.622B,107.00M,1.616B,60.00M,7.00M,1.806B,377.00M,559.00M,7.75B,349.00M,3.901B,2.378B,6.958B,3.849B,4.58B,377.00M,904.00M,1.19B
MAS,2011-12,76.00M,1.656B,1.106B,803.00M,0,-1.65,-1.65,2.087B,0,335.00M,2011-12,769.00M,-573.00M,-64.00M,-64.00M,1.567B,970.00M,3.222B,2.00M,1.493B,-513.00M,-95.00M,1.441B,333.00M,527.00M,7.297B,348.00M,3.429B,2.363B,6.555B,3.868B,4.192B,333.00M,825.00M,914.00M
MAS,2011-09,231.00M,1.61B,1.483B,806.00M,0,0.1,0.1,2.643B,0,495.00M,2011-09,850.00M,36.00M,-62.00M,-62.00M,1.656B,1.016B,3.224B,115.00M,1.679B,73.00M,4.00M,1.978B,380.00M,1.267B,8.212B,348.00M,3.711B,2.485B,6.725B,4.501B,4.24B,380.00M,866.00M,1.133B
MAS,2011-06,302.00M,1.611B,1.466B,65.00M,0,0.02,0.02,2.665B,0,532.00M,2011-06,901.00M,8.00M,-64.00M,-64.00M,1.698B,1.054B,4.027B,101.00M,1.735B,64.00M,38.00M,1.998B,431.00M,1.315B,8.418B,348.00M,3.831B,1.80B,6.881B,4.587B,5.081B,431.00M,921.00M,1.188B
MAS,2011-03,310.00M,1.505B,1.328B,66.00M,0,-0.13,-0.13,2.663B,0,425.00M,2011-03,839.00M,-46.00M,-63.00M,-63.00M,1.719B,1.04B,4.03B,26.00M,1.56B,-16.00M,13.00M,1.753B,399.00M,1.326B,8.246B,348.00M,3.595B,1.626B,6.696B,4.651B,5.07B,399.00M,787.00M,1.113B
