Ticker,Date,Accrued Comprehensive Inc,Cash and Short Term Investments,Cost of Goods Sold,Current Debt & Capital Lease Obligation,Current Deferred Liabilities,EPS Basic,EPS Diluted,Goodwill and Intangibles,Gross PP&E,Gross Profit,Income (Quarterly),Inventories,Net Income,Net Non-Operating Interest Income Expense,Net Operating Interest Income,Net PP&E,Non-Current Deferred Liabilities,Non-Current Portion of LTD and Capital Lease Obligation,Operating Income,Payables and Accrued Expenses,Pre-Tax Income,Provision for Income Taxes,Research and Development Expense,Revenue,SG&A Expense,Shareholders Equity,Total Assets,Total Capital Stock,Total Current Assets,Total Current Liabilities,Total Liabilities,Total Long Term Assets,Total Long Term Liabilities,Total Operating Expenses,Total Payables,Total Receivables
MCHP,2020-12,-22.30M,372.70M,506.30M,1.533B,0,0.14,0.13,11.70B,3.038B,845.80M,2020-12,666.10M,36.20M,-86.30M,-86.30M,827.40M,9.90M,7.648B,249.90M,490.00M,16.80M,-19.40M,210.10M,1.352B,154.20M,5.297B,16.58B,0.30M,2.152B,2.522B,11.28B,14.42B,8.757B,595.90M,272.60M,893.80M
MCHP,2020-09,-20.90M,370.30M,501.60M,1.036B,0,0.29,0.27,11.92B,2.995B,807.90M,2020-09,661.40M,73.60M,-93.00M,-93.00M,822.10M,81.60M,8.181B,230.50M,436.00M,88.80M,15.20M,199.80M,1.310B,144.70M,5.444B,16.77B,0.30M,2.122B,1.975B,11.33B,14.65B,9.352B,577.40M,233.00M,903.70M
MCHP,2020-06,-21.10M,380.20M,511.40M,1.636B,0,0.5,0.48,12.15B,2.976B,798.30M,2020-06,657.20M,123.60M,-98.80M,-98.80M,844.00M,112.30M,7.73B,218.60M,442.70M,89.50M,-34.10M,198.00M,1.310B,146.30M,5.501B,17.03B,0.30M,2.135B,2.586B,11.53B,14.89B,8.941B,579.70M,251.40M,894.30M
MCHP,2020-03,-21.60M,403.00M,512.50M,653.30M,0,0.42,0.39,12.37B,3.086B,813.90M,2020-03,685.70M,99.90M,-114.90M,-114.90M,995.60M,318.50M,8.968B,177.90M,493.60M,45.80M,-54.10M,221.80M,1.326B,165.70M,5.586B,17.43B,0.20M,2.217B,1.637B,11.84B,15.21B,10.20B,636.00M,284.80M,934.00M
MCHP,2019-12,-22.00M,402.30M,501.90M,1.444B,0,1.3,1.2,12.60B,2.980B,785.50M,2019-12,708.80M,311.10M,-119.10M,-119.10M,909.70M,386.30M,8.291B,149.00M,438.40M,10.60M,-300.50M,217.10M,1.287B,170.70M,5.617B,17.59B,0.20M,2.104B,2.337B,11.97B,15.48B,9.635B,636.50M,220.10M,807.50M
MCHP,2019-09,-22.30M,405.10M,510.30M,1.428B,0,0.46,0.43,12.85B,3.113B,827.50M,2019-09,734.20M,108.90M,-128.60M,-128.60M,1.072B,577.90M,8.527B,187.20M,502.80M,53.50M,-55.40M,219.80M,1.338B,172.30M,5.361B,17.86B,0.20M,2.178B,2.423B,12.50B,15.68B,10.07B,640.30M,284.20M,848.60M
MCHP,2019-06,-22.30M,437.10M,507.40M,1.413B,0,0.21,0.2,13.09B,3.078B,815.20M,2019-06,733.10M,50.70M,-131.90M,-131.90M,1.085B,690.00M,8.812B,179.70M,546.60M,40.50M,-10.20M,219.10M,1.323B,167.90M,5.288B,18.25B,0.20M,2.278B,2.451B,12.96B,15.97B,10.51B,635.50M,274.40M,936.80M
MCHP,2019-03,-20.70M,430.90M,509.40M,1.361B,0,0.74,0.7,13.35B,2.946B,820.40M,2019-03,711.70M,174.70M,-135.40M,-135.40M,996.70M,706.10M,8.946B,261.40M,513.60M,151.20M,-23.50M,214.70M,1.330B,167.40M,5.288B,18.35B,0.20M,2.215B,2.374B,13.06B,16.14B,10.69B,559.00M,273.30M,880.60M
MCHP,2018-12,-17.00M,436.20M,595.10M,1.335B,0,0.21,0.2,13.41B,3.043B,779.60M,2018-12,702.50M,49.20M,-136.90M,-136.90M,1.040B,830.50M,10.54B,193.40M,643.70M,55.00M,5.80M,217.70M,1.375B,174.80M,5.161B,18.16B,0.20M,1.878B,643.70M,12.99B,16.28B,12.35B,586.20M,236.00M,544.80M
MCHP,2018-09,-16.70M,464.20M,743.20M,0,0,0.41,0.38,13.61B,3.010B,689.30M,2018-09,836.70M,96.30M,-137.70M,-137.70M,1.052B,815.40M,9.551B,120.90M,753.10M,-39.40M,-135.70M,221.90M,1.432B,176.60M,5.170B,18.67B,0.20M,2.176B,2.088B,13.50B,16.49B,11.41B,568.40M,271.20M,668.80M
MCHP,2018-06,-14.90M,649.70M,570.50M,1.330B,0,0.15,0.14,13.52B,2.991B,642.00M,2018-06,1.105B,35.70M,-84.70M,-84.70M,1.078B,854.20M,10.02B,172.40M,809.50M,37.70M,2.00M,171.90M,1.212B,164.00M,5.124B,19.25B,0.20M,2.818B,2.139B,14.12B,16.43B,11.99B,469.60M,318.20M,789.40M
MCHP,2018-03,-17.60M,2.197B,387.20M,1.310B,333.80M,0.63,0.58,3.961B,2.644B,615.10M,2018-03,476.20M,146.70M,-42.70M,-42.70M,767.90M,205.80M,1.758B,244.30M,286.10M,188.20M,41.50M,133.60M,1.002B,114.50M,3.280B,8.257B,0.20M,3.356B,2.017B,4.977B,4.901B,2.96B,370.80M,171.60M,563.70M
MCHP,2017-12,-22.19M,1.100B,387.10M,5.98M,335.70M,-1.07,-1.07,4.084B,2.606B,607.10M,2017-12,487.06M,-251.10M,-43.40M,-43.40M,754.78M,208.82M,3.040B,245.40M,421.13M,196.70M,447.80M,131.60M,994.20M,109.10M,3.185B,8.124B,0.234M,2.253B,756.83M,4.939B,5.870B,4.182B,361.70M,162.72M,553.14M
MCHP,2017-09,-17.81M,1.315B,398.00M,11.26M,324.36M,0.81,0.77,4.205B,2.545B,614.10M,2017-09,456.94M,189.20M,-44.90M,-44.90M,722.78M,328.24M,3.012B,245.30M,403.84M,186.20M,-3.00M,133.60M,1.012B,114.30M,3.546B,8.055B,0.234M,2.443B,734.19M,4.509B,5.612B,3.775B,368.80M,182.60M,545.42M
MCHP,2017-06,-19.13M,1.230B,387.70M,50.00M,308.80M,0.74,0.7,4.326B,2.490B,584.40M,2017-06,426.84M,170.60M,-46.00M,-46.00M,694.00M,347.22M,2.984B,218.80M,416.39M,166.20M,-4.40M,130.50M,972.10M,114.30M,3.413B,7.888B,0.233M,2.299B,736.44M,4.475B,5.589B,3.739B,365.60M,171.86M,528.95M
MCHP,2017-03,-14.40M,1.303B,369.83M,0,292.80M,0.61,0.57,4.447B,2.452B,532.83M,2017-03,417.20M,136.87M,-40.28M,-40.28M,683.30M,409.10M,2.900B,200.15M,361.70M,71.82M,-65.10M,127.19M,902.66M,111.15M,3.271B,7.687B,0.20M,2.305B,704.50M,4.416B,5.382B,3.712B,332.68M,149.20M,478.40M
MCHP,2016-12,-10.83M,669.64M,369.11M,0,294.26M,0.5,0.46,4.596B,2.438B,465.26M,2016-12,419.62M,107.18M,-34.64M,-34.64M,698.70M,386.82M,3.124B,139.02M,357.29M,83.50M,-23.84M,132.43M,834.37M,111.02M,2.567B,7.145B,0.216M,1.677B,651.55M,4.578B,5.468B,3.926B,326.24M,135.16M,475.09M
MCHP,2016-09,-15.90M,490.84M,460.74M,0,223.20M,0.16,0.14,4.707B,2.433B,410.62M,2016-09,424.69M,33.92M,-34.68M,-34.68M,717.00M,416.45M,3.105B,72.30M,355.61M,25.23M,-10.34M,137.80M,871.36M,120.13M,2.520B,7.074B,0.216M,1.491B,578.80M,4.555B,5.584B,3.976B,338.32M,131.62M,451.04M
MCHP,2016-06,-14.43M,601.79M,450.92M,0,213.17M,-0.53,-0.53,4.794B,2.421B,348.49M,2016-06,518.43M,-113.36M,-33.60M,-33.60M,732.82M,468.56M,3.337B,-37.07M,360.11M,-90.75M,18.48M,147.88M,799.41M,157.50M,2.533B,7.359B,0.215M,1.673B,573.28M,4.826B,5.686B,4.253B,385.56M,137.61M,435.51M
MCHP,2016-03,-3.357M,2.446B,254.80M,0,183.43M,0.33,0.31,1.619B,2.267B,302.82M,2016-03,306.82M,67.32M,-21.01M,-21.01M,609.40M,399.22M,2.453B,80.71M,198.58M,57.62M,-9.71M,95.64M,557.61M,78.32M,2.151B,5.538B,0.204M,3.097B,382.01M,3.387B,2.441B,3.005B,222.10M,79.31M,290.18M
MCHP,2015-12,-10.66M,1.008B,247.63M,17.50M,163.58M,0.3,0.28,1.666B,2.257B,292.72M,2015-12,319.52M,61.21M,-20.83M,-20.83M,622.84M,422.67M,2.406B,71.11M,180.33M,50.16M,-11.05M,97.02M,540.34M,76.27M,2.126B,5.447B,0.203M,1.633B,343.91M,3.320B,3.814B,2.976B,221.60M,69.06M,248.01M
MCHP,2015-09,-3.095M,2.002B,240.44M,17.50M,179.96M,0.32,0.3,1.711B,2.240B,300.95M,2015-09,363.76M,64.90M,-19.24M,-19.24M,631.60M,448.78M,2.688B,81.60M,191.81M,53.96M,-10.94M,95.26M,541.39M,80.26M,2.129B,5.786B,0.203M,2.779B,371.78M,3.657B,3.007B,3.285B,219.35M,72.36M,281.06M
MCHP,2015-06,-5.171M,1.533B,224.94M,17.50M,167.53M,0.65,0.6,1.042B,2.178B,309.02M,2015-06,303.69M,130.67M,-18.52M,-18.52M,595.25M,380.40M,1.859B,122.88M,204.78M,119.56M,-10.90M,84.68M,533.95M,66.85M,2.099B,4.857B,0.202M,2.256B,372.31M,2.758B,2.601B,2.386B,186.14M,93.66M,277.03M
MCHP,2015-03,11.08M,1.959B,229.58M,17.50M,166.13M,0.49,0.45,1.076B,2.142B,313.63M,2015-03,279.46M,99.40M,-14.78M,-14.78M,581.57M,381.19M,1.827B,111.10M,187.84M,62.02M,-36.56M,87.66M,543.21M,67.78M,2.045B,4.781B,0.202M,2.665B,353.97M,2.720B,2.116B,2.366B,202.53M,86.87M,273.94M
MCHP,2014-12,15.56M,1.122B,226.75M,14.16M,154.26M,0.43,0.39,1.116B,2.112B,301.96M,2014-12,276.14M,86.06M,-9.299M,-9.299M,577.12M,468.84M,1.342B,99.01M,181.32M,86.19M,1.393M,88.70M,528.71M,66.67M,2.256B,4.629B,0.201M,1.783B,353.09M,2.347B,2.845B,1.994B,202.95M,76.93M,242.60M
MCHP,2014-09,-4.657M,1.283B,238.79M,8.375M,159.58M,0.47,0.42,1.157B,2.101B,307.45M,2014-09,275.75M,93.64M,-9.488M,-9.488M,585.10M,469.37M,1.324B,102.09M,208.40M,90.70M,-1.334M,88.81M,546.24M,71.11M,2.203B,4.611B,0.201M,1.979B,385.48M,2.358B,2.632B,1.973B,205.36M,94.40M,287.47M
MCHP,2014-06,4.089M,1.760B,222.36M,0,146.58M,0.45,0.4,907.96M,2.062B,306.52M,2014-06,264.50M,89.91M,-8.936M,-8.936M,569.91M,453.07M,1.336B,116.25M,195.61M,106.99M,17.08M,84.37M,528.88M,69.26M,2.170B,4.502B,0.20M,2.450B,359.69M,2.332B,2.051B,1.972B,190.27M,79.89M,286.70M
MCHP,2014-03,1.051M,1.345B,202.80M,0,147.80M,0.56,0.5,721.60M,2.001B,290.59M,2014-03,262.72M,111.50M,-7.652M,-7.652M,531.97M,375.32M,1.003B,126.57M,170.78M,118.22M,6.729M,77.36M,493.38M,65.34M,2.135B,4.068B,0.20M,1.969B,336.08M,1.932B,2.098B,1.596B,164.02M,74.05M,242.40M
MCHP,2013-12,-2.579M,1.307B,199.65M,0,143.32M,0.53,0.48,742.24M,1.968B,282.72M,2013-12,274.63M,105.40M,-8.304M,-8.304M,520.56M,388.62M,1.005B,117.72M,158.93M,112.59M,7.187M,76.34M,482.37M,66.86M,2.075B,4.003B,0.199M,1.969B,316.40M,1.928B,2.034B,1.612B,165.00M,62.75M,224.27M
MCHP,2013-09,-2.525M,1.152B,203.81M,0,151.05M,0.5,0.46,749.25M,1.943B,288.86M,2013-09,275.12M,99.81M,-8.344M,-8.344M,518.19M,379.76M,997.91M,117.50M,179.47M,111.21M,11.40M,78.25M,492.67M,69.37M,2.019B,3.965B,0.198M,1.821B,338.89M,1.947B,2.144B,1.608B,171.37M,77.77M,230.49M
MCHP,2013-06,-3.113M,961.88M,196.22M,0,149.82M,0.4,0.37,773.31M,1.918B,266.57M,2013-06,256.14M,78.58M,-7.931M,-7.931M,513.72M,379.51M,974.25M,100.10M,201.85M,90.34M,11.76M,73.08M,462.79M,65.71M,1.954B,3.884B,0.197M,1.616B,351.66M,1.929B,2.268B,1.578B,166.47M,77.69M,232.26M
MCHP,2013-03,6.935M,1.579B,191.10M,0,138.95M,0.3,0.28,801.48M,1.898B,239.04M,2013-03,242.33M,59.69M,-6.261M,-6.261M,514.54M,388.25M,983.38M,63.94M,202.66M,49.50M,-10.19M,70.44M,430.14M,64.74M,1.933B,3.851B,0.196M,2.236B,341.61M,1.918B,1.615B,1.576B,175.10M,75.55M,229.96M
MCHP,2012-12,6.774M,1.622B,215.62M,0,122.61M,0.05,0.05,834.12M,1.885B,200.43M,2012-12,261.59M,10.17M,-7.264M,-7.264M,522.74M,445.49M,971.41M,19.97M,173.67M,9.692M,-0.481M,71.38M,416.05M,69.37M,1.927B,3.844B,0.195M,2.297B,296.28M,1.916B,1.547B,1.620B,180.46M,54.05M,177.50M
MCHP,2012-09,6.689M,1.553B,189.10M,0,123.12M,-0.11,-0.11,867.19M,1.878B,194.20M,2012-09,289.53M,-21.18M,-7.014M,-7.014M,536.73M,434.60M,959.66M,30.49M,202.35M,2.119M,23.30M,64.08M,383.30M,71.77M,1.964B,3.888B,0.194M,2.289B,325.47M,1.924B,1.599B,1.599B,163.71M,82.26M,230.46M
MCHP,2012-06,2.963M,1.662B,147.34M,0,110.79M,0.41,0.39,212.45M,1.827B,204.80M,2012-06,221.48M,78.71M,-4.816M,-4.816M,506.23M,416.98M,357.36M,96.33M,139.20M,90.86M,12.15M,48.83M,352.13M,55.59M,2.018B,3.145B,0.194M,2.229B,249.99M,1.127B,915.54M,876.86M,108.46M,52.65M,174.68M
MCHP,2012-03,3.101M,1.459B,143.26M,0,108.71M,0.42,0.39,183.95M,1.819B,195.65M,2012-03,217.28M,80.64M,-2.762M,-2.762M,516.61M,411.37M,355.05M,95.41M,139.16M,91.92M,11.29M,47.71M,338.91M,49.72M,1.991B,3.084B,0.193M,2.016B,247.87M,1.093B,1.068B,845.23M,100.24M,50.29M,170.20M
MCHP,2011-12,-1.755M,1.302B,143.67M,0,115.79M,0.4,0.38,151.15M,1.816B,185.49M,2011-12,217.85M,77.49M,-4.62M,-4.62M,533.65M,397.71M,353.34M,87.47M,132.78M,83.68M,6.188M,44.26M,329.16M,51.09M,1.941B,3.021B,0.192M,1.830B,248.57M,1.080B,1.191B,831.28M,98.02M,40.04M,149.28M
MCHP,2011-09,-0.596M,1.415B,143.90M,0,144.18M,0.42,0.4,152.56M,1.878B,196.70M,2011-09,211.21M,79.29M,-4.883M,-4.883M,548.98M,409.37M,351.37M,97.62M,149.97M,90.27M,10.98M,45.38M,340.60M,51.00M,1.904B,3.034B,0.191M,1.933B,294.15M,1.130B,1.100B,835.66M,99.08M,57.79M,142.41M
MCHP,2011-06,5.284M,1.518B,154.76M,0,145.60M,0.52,0.49,151.61M,1.854B,219.75M,2011-06,202.46M,99.29M,-4.009M,-4.009M,545.70M,401.13M,349.11M,116.86M,182.48M,113.83M,14.53M,45.30M,374.51M,57.59M,1.879B,3.029B,0.191M,2.096B,328.08M,1.150B,933.61M,821.99M,102.89M,67.53M,196.25M
MCHP,2011-03,3.357M,1.243B,147.58M,0,140.04M,0.67,0.62,153.95M,1.830B,232.41M,2011-03,180.80M,125.53M,-4.434M,-4.434M,540.51M,399.53M,347.33M,124.55M,200.27M,120.03M,-10.58M,44.16M,379.98M,51.29M,1.812B,2.968B,0.19M,1.775B,340.32M,1.156B,1.193B,815.30M,107.86M,68.43M,181.20M
