Ticker,Date,Accrued Comprehensive Inc,Cash and Short Term Investments,Cost of Goods Sold,Current Debt & Capital Lease Obligation,Current Deferred Liabilities,EPS Basic,EPS Diluted,Goodwill and Intangibles,Gross PP&E,Gross Profit,Income (Quarterly),Inventories,Net Income,Net Non-Operating Interest Income Expense,Net Operating Interest Income,Net PP&E,Non-Current Deferred Liabilities,Non-Current Portion of LTD and Capital Lease Obligation,Operating Income,Payables and Accrued Expenses,Pre-Tax Income,Provision for Income Taxes,Revenue,SG&A Expense,Shareholders Equity,Total Assets,Total Capital Stock,Total Current Assets,Total Current Liabilities,Total Liabilities,Total Long Term Assets,Total Long Term Liabilities,Total Operating Expenses,Total Payables,Total Receivables
MCK,2020-12,-1.503B,3.577B,59.45B,1.313B,0,-39.03,-39.03,12.49B,4.473B,3.151B,2020-12,19.21B,-6.226B,-55.00M,-55.00M,4.473B,773.00M,8.214B,860.00M,40.60B,-7.363B,-1.189B,62.60B,0,-477.00M,61.84B,2.00M,42.37B,41.93B,62.12B,19.48B,20.19B,2.291B,36.51B,18.88B
MCK,2020-09,-1.597B,3.091B,57.81B,2.127B,0,3.56,3.54,12.44B,4.366B,3.00B,2020-09,18.44B,577.00M,-50.00M,-50.00M,4.366B,2.293B,7.517B,763.00M,40.06B,655.00M,28.00M,60.81B,0,5.89B,61.56B,2.00M,42.34B,42.72B,55.47B,19.21B,12.74B,2.237B,36.26B,19.28B
MCK,2020-06,-1.735B,2.613B,52.98B,1.411B,0,2.74,2.72,12.51B,4.249B,2.70B,2020-06,16.61B,444.00M,-60.00M,-60.00M,4.249B,2.274B,8.022B,734.00M,36.68B,645.00M,150.00M,55.68B,0,5.446B,57.67B,2.00M,38.68B,38.60B,52.01B,18.98B,13.41B,1.966B,33.21B,17.77B
MCK,2020-03,-1.703B,4.015B,55.20B,1.406B,0,5.89,5.85,12.52B,6.08B,3.336B,2020-03,16.73B,1.021B,-16.00M,-16.00M,4.251B,2.255B,7.995B,851.00M,40.54B,1.201B,129.00M,58.54B,0,5.092B,61.25B,2.00M,42.22B,42.62B,55.94B,19.02B,13.31B,2.485B,37.20B,19.95B
MCK,2019-12,-1.663B,2.065B,56.14B,3.481B,0,1.04,1.03,12.82B,4.421B,3.033B,2019-12,17.02B,186.00M,-64.00M,-64.00M,4.421B,2.686B,8.514B,498.00M,36.10B,294.00M,47.00M,59.17B,0,6.174B,60.87B,3.00M,39.39B,40.06B,54.49B,21.48B,14.43B,2.535B,32.74B,18.83B
MCK,2019-09,-1.704B,1.356B,54.75B,1.213B,0,-3.99,-3.99,12.90B,4.495B,2.867B,2019-09,16.36B,-730.00M,-64.00M,-64.00M,4.495B,2.718B,9.105B,671.00M,35.93B,-970.00M,-294.00M,57.62B,0,6.482B,58.99B,3.00M,37.35B,37.14B,52.30B,21.64B,15.16B,2.196B,32.56B,18.98B
MCK,2019-06,-1.778B,1.947B,52.94B,683.00M,0,2.25,2.24,13.04B,4.497B,2.787B,2019-06,16.60B,423.00M,-56.00M,-56.00M,4.497B,3.058B,9.187B,657.00M,37.27B,619.00M,136.00M,55.73B,0,7.874B,61.68B,3.00M,38.43B,37.95B,53.61B,23.25B,15.66B,2.13B,34.02B,19.29B
MCK,2019-03,-1.849B,2.981B,49.23B,330.00M,0,-4.17,-4.17,13.05B,4.326B,3.201B,2019-03,16.71B,-796.00M,-31.00M,-31.00M,2.548B,2.998B,7.265B,946.00M,37.30B,-633.00M,111.00M,52.43B,0,8.094B,59.67B,3.00M,38.46B,37.63B,51.38B,21.21B,13.76B,2.255B,33.85B,18.25B
MCK,2018-12,-1.826B,1.849B,53.24B,2.168B,0,2.41,2.4,14.44B,0,2.97B,2018-12,16.95B,469.00M,-67.00M,-67.00M,2.503B,2.983B,7.616B,814.00M,35.26B,650.00M,123.00M,56.21B,0,9.185B,61.01B,3.00M,38.32B,37.42B,51.62B,22.69B,14.20B,2.156B,32.09B,18.93B
MCK,2018-09,-1.762B,2.118B,50.27B,2.52B,0,2.52,2.51,14.76B,0,2.804B,2018-09,16.67B,499.00M,-66.00M,-66.00M,2.488B,2.844B,6.568B,771.00M,36.34B,587.00M,35.00M,53.08B,0,9.326B,61.42B,3.00M,38.54B,38.86B,51.89B,22.88B,13.02B,2.033B,33.23B,19.21B
MCK,2018-06,-1.801B,2.199B,49.83B,3.16B,68.00M,-0.68,-0.68,14.84B,3.933B,2.779B,2018-06,16.36B,-138.00M,-61.00M,-61.00M,2.483B,2.825B,6.592B,652.00M,35.19B,6.00M,87.00M,52.61B,1.645B,9.407B,61.28B,3.00M,38.21B,38.35B,51.64B,23.07B,13.29B,2.127B,32.06B,19.09B
MCK,2018-03,-1.717B,2.672B,48.55B,1.129B,63.00M,-5.58,-5.58,15.03B,3.803B,3.075B,2018-03,16.31B,-1.146B,-31.00M,-31.00M,2.464B,2.804B,6.751B,732.00M,35.56B,-1.094B,-7.00M,51.63B,1.981B,9.804B,60.38B,3.00M,37.14B,36.68B,50.32B,23.24B,13.64B,2.343B,32.18B,17.71B
MCK,2017-12,-1.726B,2.619B,50.90B,1.28B,279.00M,4.35,4.33,15.92B,3.784B,2.715B,2017-12,17.10B,903.00M,-67.00M,-67.00M,2.401B,2.833B,7.514B,731.00M,36.30B,697.00M,-263.00M,53.62B,1.886B,11.73B,64.21B,3.00M,40.20B,37.65B,52.24B,24.02B,14.59B,1.984B,33.01B,20.02B
MCK,2017-09,-1.71B,2.563B,49.23B,831.00M,346.00M,0.01,0.01,15.94B,0,2.834B,2017-09,16.88B,1.00M,-69.00M,-69.00M,2.348B,3.724B,7.49B,825.00M,36.87B,178.00M,122.00M,52.06B,1.935B,11.14B,63.85B,3.00M,39.79B,37.76B,52.48B,24.05B,14.72B,2.009B,33.58B,19.63B
MCK,2017-06,-1.936B,2.339B,48.49B,528.00M,402.00M,1.46,1.45,15.99B,0,2.56B,2017-06,15.50B,309.00M,-68.00M,-68.00M,2.349B,3.752B,7.424B,633.00M,34.99B,458.00M,95.00M,51.05B,1.62B,11.30B,61.82B,3.00M,37.70B,35.80B,50.30B,24.12B,14.50B,1.927B,32.02B,19.13B
MCK,2017-03,-2.141B,2.783B,45.92B,1.24B,271.00M,16.92,16.76,14.25B,0,2.796B,2017-03,15.28B,3.588B,-48.00M,-48.00M,2.292B,3.678B,7.305B,810.00M,34.03B,4.674B,1.044B,48.71B,0,11.10B,60.97B,3.00M,36.95B,35.61B,49.70B,24.02B,14.08B,1.986B,31.02B,18.22B
MCK,2016-12,-2.228B,2.434B,47.32B,3.154B,820.00M,2.87,2.85,14.20B,0,2.812B,2016-12,16.12B,633.00M,-74.00M,-74.00M,2.411B,2.884B,5.969B,831.00M,33.92B,780.00M,131.00M,50.13B,0,7.692B,57.87B,3.00M,39.27B,38.17B,50.02B,18.61B,11.85B,1.981B,30.81B,18.20B
MCK,2016-09,-1.854B,5.464B,47.20B,2.166B,919.00M,1.36,1.34,12.75B,0,2.756B,2016-09,15.27B,307.00M,-78.00M,-78.00M,2.30B,2.632B,5.941B,870.00M,34.01B,525.00M,200.00M,49.96B,0,9.449B,58.32B,3.00M,41.34B,37.05B,48.69B,16.98B,11.64B,1.886B,31.04B,18.31B
MCK,2016-06,-1.739B,4.659B,46.83B,2.168B,0,2.41,2.38,14.27B,0,2.907B,2016-06,15.50B,542.00M,-79.00M,-79.00M,2.43B,2.789B,5.942B,972.00M,33.59B,912.00M,239.00M,49.73B,0,9.249B,57.90B,3.00M,39.04B,36.57B,48.41B,18.87B,11.84B,1.935B,30.42B,18.33B
MCK,2016-03,-1.561B,4.048B,43.83B,1.617B,0,1.9,1.88,12.81B,0,2.852B,2016-03,15.34B,431.00M,-68.00M,-68.00M,2.278B,2.734B,6.497B,840.00M,32.53B,669.00M,204.00M,46.68B,0,8.924B,56.52B,3.00M,38.44B,35.07B,47.52B,18.09B,12.45B,2.012B,28.58B,17.98B
MCK,2015-12,-1.845B,3.406B,45.03B,1.003B,2.978B,2.76,2.73,12.80B,3.444B,2.872B,2015-12,16.41B,634.00M,-87.00M,-87.00M,2.112B,859.00M,7.715B,920.00M,30.50B,846.00M,204.00M,47.90B,1.952B,8.876B,55.09B,3.00M,38.26B,34.48B,46.13B,16.83B,11.65B,1.952B,26.85B,17.40B
MCK,2015-09,-1.644B,5.359B,45.92B,1.252B,2.722B,2.66,2.63,13.06B,3.376B,2.844B,2015-09,15.59B,617.00M,-91.00M,-91.00M,2.108B,0,8.136B,954.00M,30.80B,880.00M,244.00M,48.76B,1.89B,8.788B,55.82B,4.00M,38.75B,34.78B,46.95B,17.07B,12.17B,1.89B,27.15B,16.80B
MCK,2015-06,-1.434B,5.635B,44.70B,1.654B,2.808B,2.49,2.45,13.38B,0,2.848B,2015-06,14.93B,576.00M,-89.00M,-89.00M,2.10B,0,8.142B,931.00M,30.21B,855.00M,256.00M,47.55B,1.917B,8.853B,55.92B,4.00M,38.57B,34.67B,46.99B,17.35B,12.31B,1.917B,26.32B,16.68B
MCK,2015-03,-1.713B,5.341B,42.01B,1.664B,2.898B,0.57,0.56,13.26B,0,2.917B,2015-03,14.30B,132.00M,-70.00M,-70.00M,2.045B,0,8.18B,850.00M,28.94B,620.00M,209.00M,44.92B,1.675B,8.001B,53.87B,4.00M,36.67B,33.50B,45.78B,17.20B,12.29B,2.067B,25.17B,15.91B
MCK,2014-12,-804.00M,4.587B,43.59B,1.413B,2.936B,2.03,2,13.82B,0,2.898B,2014-12,15.38B,472.00M,-93.00M,-93.00M,2.156B,0,8.981B,800.00M,28.43B,719.00M,198.00M,46.48B,2.098B,9.084B,55.11B,4.00M,37.14B,32.78B,45.95B,17.97B,13.18B,2.098B,25.20B,16.58B
MCK,2014-09,-425.00M,3.804B,41.30B,952.00M,2.737B,2.02,1.99,14.19B,0,2.864B,2014-09,14.06B,469.00M,-95.00M,-95.00M,2.174B,0,9.62B,787.00M,25.65B,714.00M,223.00M,44.16B,2.077B,8.931B,52.23B,4.00M,33.88B,29.34B,41.71B,18.35B,12.37B,2.077B,22.66B,15.39B
MCK,2014-06,107.00M,4.105B,40.74B,532.00M,2.78B,1.75,1.72,14.82B,0,2.732B,2014-06,14.12B,403.00M,-96.00M,-96.00M,2.209B,0,10.14B,681.00M,25.93B,604.00M,185.00M,43.48B,2.051B,8.979B,53.01B,4.00M,33.97B,29.24B,42.24B,19.03B,13.00B,2.051B,22.81B,14.92B
MCK,2014-03,-3.00M,4.193B,35.28B,1.665B,2.824B,1.61,1.58,14.80B,0,2.551B,2014-03,12.99B,370.00M,-97.00M,-97.00M,2.196B,0,8.929B,605.00M,25.13B,515.00M,116.00M,37.83B,1.489B,8.522B,51.76B,4.00M,32.84B,29.62B,41.44B,18.92B,11.83B,1.946B,21.13B,13.78B
MCK,2013-12,-68.00M,2.431B,32.49B,353.00M,2.805B,0.28,0.28,8.366B,0,1.85B,2013-12,11.46B,65.00M,-69.00M,-69.00M,1.359B,0,4.521B,511.00M,18.75B,418.00M,254.00M,34.34B,1.339B,8.027B,36.48B,4.00M,25.23B,21.90B,28.45B,11.24B,6.548B,1.339B,16.64B,10.75B
MCK,2013-09,-16.00M,2.96B,30.96B,353.00M,2.585B,1.76,1.74,8.473B,0,2.021B,2013-09,10.48B,404.00M,-59.00M,-59.00M,1.348B,0,4.521B,721.00M,18.44B,636.00M,213.00M,32.98B,1.30B,7.989B,35.95B,4.00M,24.54B,21.38B,27.96B,11.40B,6.579B,1.30B,16.44B,10.32B
MCK,2013-06,-118.00M,2.905B,30.31B,352.00M,2.567B,1.86,1.83,8.458B,2.529B,1.93B,2013-06,10.33B,424.00M,-59.00M,-59.00M,1.333B,0,4.522B,670.00M,18.56B,602.00M,174.00M,32.24B,1.26B,7.408B,35.49B,4.00M,24.07B,21.48B,28.08B,11.42B,6.602B,1.26B,16.65B,10.01B
MCK,2013-03,-65.00M,2.456B,28.65B,352.00M,2.985B,1.13,1.1,8.675B,2.175B,1.992B,2013-03,10.34B,259.00M,-48.00M,-48.00M,1.321B,0,4.521B,679.00M,18.02B,412.00M,133.00M,30.64B,880.00M,7.07B,34.79B,4.00M,23.17B,21.36B,27.72B,11.62B,6.359B,1.313B,16.11B,9.975B
MCK,2012-12,35.00M,2.726B,29.45B,506.00M,2.95B,1.27,1.24,7.109B,2.043B,1.645B,2012-12,10.39B,298.00M,-59.00M,-59.00M,1.247B,0,3.973B,498.00M,16.75B,449.00M,143.00M,31.10B,1.147B,7.649B,33.43B,4.00M,23.44B,20.21B,25.78B,9.994B,5.576B,1.147B,15.05B,9.962B
MCK,2012-09,46.00M,2.831B,28.07B,508.00M,3.238B,1.7,1.67,6.827B,0,1.683B,2012-09,10.07B,401.00M,-55.00M,-55.00M,1.223B,0,3.073B,650.00M,17.00B,561.00M,162.00M,29.76B,1.033B,7.715B,32.97B,4.00M,23.09B,20.75B,25.25B,9.877B,4.503B,1.033B,15.50B,9.823B
MCK,2012-06,-30.00M,2.013B,29.14B,508.00M,2.851B,1.61,1.58,6.703B,0,1.561B,2012-06,10.06B,380.00M,-56.00M,-56.00M,1.221B,0,3.072B,511.00M,16.74B,528.00M,149.00M,30.70B,1.05B,7.203B,31.75B,4.00M,22.05B,20.10B,24.54B,9.694B,4.448B,1.05B,15.15B,9.564B
MCK,2012-03,5.00M,3.149B,29.61B,908.00M,2.515B,2.13,2.08,6.782B,0,1.68B,2012-03,10.07B,521.00M,-40.00M,-40.00M,1.043B,0,3.072B,686.00M,18.26B,631.00M,134.00M,31.29B,592.00M,6.831B,33.09B,4.00M,23.60B,21.69B,26.26B,9.49B,4.576B,994.00M,16.11B,9.977B
MCK,2011-12,2.00M,4.191B,29.27B,409.00M,2.509B,1.22,1.2,5.838B,0,1.566B,2011-12,10.38B,300.00M,-64.00M,-64.00M,1.015B,0,3.578B,519.00M,15.68B,426.00M,126.00M,30.84B,1.047B,7.456B,33.16B,4.00M,24.57B,20.72B,25.70B,8.588B,4.986B,1.047B,15.68B,9.673B
MCK,2011-09,-21.00M,3.943B,28.57B,414.00M,2.556B,1.2,1.18,5.87B,0,1.647B,2011-09,9.426B,296.00M,-64.00M,-64.00M,1.006B,0,3.578B,596.00M,14.90B,420.00M,124.00M,30.22B,1.051B,7.116B,31.91B,4.00M,23.26B,19.84B,24.79B,8.645B,4.946B,1.051B,14.90B,9.525B
MCK,2011-06,103.00M,3.116B,28.47B,414.00M,2.361B,1.15,1.13,6.006B,0,1.509B,2011-06,9.53B,286.00M,-64.00M,-64.00M,988.00M,0,3.575B,472.00M,16.37B,416.00M,130.00M,29.98B,1.037B,6.917B,31.02B,4.00M,22.37B,19.14B,24.10B,8.643B,4.958B,1.037B,14.55B,9.372B
MCK,2011-03,87.00M,3.612B,27.10B,417.00M,2.358B,1.64,1.61,5.972B,0,1.751B,2011-03,9.225B,422.00M,-64.00M,-64.00M,991.00M,0,3.587B,623.00M,15.95B,558.00M,136.00M,28.85B,721.00M,7.22B,30.89B,4.00M,22.36B,18.73B,23.67B,8.529B,4.94B,1.128B,14.09B,9.187B
