Ticker,Date,Accrued Comprehensive Inc,Cash and Short Term Investments,Cost of Goods Sold,Current Debt & Capital Lease Obligation,Current Deferred Liabilities,EPS Basic,EPS Diluted,Goodwill and Intangibles,Gross PP&E,Gross Profit,Income (Quarterly),Inventories,Net Income,Net Non-Operating Interest Income Expense,Net Operating Interest Income,Net PP&E,Non-Current Deferred Liabilities,Non-Current Portion of LTD and Capital Lease Obligation,Operating Income,Payables and Accrued Expenses,Pre-Tax Income,Provision for Income Taxes,Revenue,SG&A Expense,Shareholders Equity,Total Assets,Total Capital Stock,Total Current Assets,Total Current Liabilities,Total Liabilities,Total Long Term Assets,Total Long Term Liabilities,Total Operating Expenses,Total Payables,Total Receivables
MDLZ,2020-12,-10.69B,3.619B,4.426B,2.77B,0,0.81,0.8,40.38B,16.99B,2.872B,2020-12,2.647B,1.156B,-101.00M,-101.00M,9.664B,3.346B,17.75B,1.197B,8.339B,941.00M,344.00M,7.298B,1.624B,27.58B,67.81B,0,9.979B,15.16B,40.16B,57.83B,25.00B,1.675B,6.209B,2.954B
MDLZ,2020-09,-11.26B,2.759B,3.873B,1.198B,0,0.78,0.78,39.39B,16.23B,2.792B,2020-09,2.84B,1.119B,-104.00M,-104.00M,9.194B,3.387B,19.40B,1.258B,7.625B,1.084B,391.00M,6.665B,1.484B,26.94B,66.25B,0,9.446B,12.68B,39.22B,56.80B,26.54B,1.534B,5.597B,3.056B
MDLZ,2020-06,-11.42B,1.602B,3.58B,3.70B,0,0.38,0.38,38.87B,15.82B,2.331B,2020-06,2.71B,544.00M,-108.00M,-108.00M,9.01B,3.383B,16.48B,828.00M,7.27B,659.00M,341.00M,5.911B,1.453B,26.02B,64.19B,0,7.995B,14.54B,38.10B,56.20B,23.56B,1.503B,5.466B,2.61B
MDLZ,2020-03,-11.62B,1.925B,4.256B,6.436B,0,0.53,0.52,37.49B,15.18B,2.451B,2020-03,2.441B,753.00M,-110.00M,-110.00M,8.644B,3.308B,13.79B,871.00M,7.402B,699.00M,148.00M,6.707B,1.537B,25.67B,63.60B,0,9.068B,17.00B,37.85B,54.53B,20.84B,1.58B,5.554B,3.298B
MDLZ,2019-12,-10.25B,1.291B,4.154B,4.219B,0,0.5,0.5,38.80B,16.10B,2.759B,2019-12,2.546B,733.00M,-113.00M,-113.00M,9.301B,3.338B,14.61B,965.00M,7.689B,854.00M,230.00M,6.913B,1.75B,27.24B,64.52B,0,7.63B,15.32B,37.20B,56.88B,21.88B,1.794B,5.853B,2.927B
MDLZ,2019-09,-10.72B,1.537B,3.839B,6.927B,0,0.99,0.98,38.11B,15.56B,2.516B,2019-09,2.742B,1.426B,-121.00M,-121.00M,8.912B,3.232B,13.02B,1.007B,7.067B,684.00M,-633.00M,6.355B,1.466B,26.81B,63.90B,0,8.63B,17.12B,37.02B,55.26B,19.90B,1.509B,5.322B,3.175B
MDLZ,2019-06,-10.54B,1.248B,3.593B,7.455B,0,0.56,0.55,38.64B,15.85B,2.469B,2019-06,2.731B,803.00M,-127.00M,-127.00M,9.187B,3.591B,12.21B,999.00M,6.95B,936.00M,216.00M,6.062B,1.427B,26.09B,63.57B,0,7.836B,17.80B,37.40B,55.74B,19.60B,1.47B,5.312B,2.891B
MDLZ,2019-03,-10.50B,1.542B,3.945B,6.983B,0,0.63,0.63,38.64B,16.01B,2.593B,2019-03,2.62B,914.00M,-123.00M,-123.00M,9.156B,3.546B,12.91B,1.056B,7.442B,973.00M,189.00M,6.538B,1.493B,25.83B,64.16B,0,8.539B,17.72B,38.25B,55.62B,20.53B,1.537B,5.566B,3.536B
MDLZ,2018-12,-10.63B,1.10B,4.224B,5.84B,0,0.56,0.56,38.73B,15.24B,2.549B,2018-12,2.592B,759.00M,-128.00M,-128.00M,8.482B,3.552B,12.53B,969.00M,7.55B,767.00M,111.00M,6.773B,1.536B,25.64B,62.73B,0,7.604B,16.74B,37.02B,55.12B,20.28B,1.58B,5.794B,3.006B
MDLZ,2018-09,-10.64B,1.373B,3.874B,5.212B,0,0.81,0.81,39.04B,15.33B,2.414B,2018-09,2.842B,1.194B,-117.00M,-117.00M,8.403B,3.558B,14.85B,862.00M,7.021B,670.00M,310.00M,6.288B,1.508B,25.46B,63.92B,0,8.722B,15.51B,38.39B,55.20B,22.88B,1.552B,5.374B,3.577B
MDLZ,2018-06,-10.53B,1.246B,3.572B,4.854B,0,0.22,0.21,39.36B,15.32B,2.54B,2018-06,2.683B,318.00M,-115.00M,-115.00M,8.384B,3.395B,14.86B,592.00M,6.835B,248.00M,15.00M,6.112B,1.904B,25.20B,62.97B,0,8.202B,14.83B,37.69B,54.77B,22.86B,1.948B,5.248B,3.234B
MDLZ,2018-03,-9.858B,1.13B,3.916B,5.608B,0,0.7,0.7,40.11B,15.94B,2.849B,2018-03,2.62B,1.046B,-102.00M,-102.00M,8.792B,3.419B,13.18B,1.278B,7.574B,1.157B,337.00M,6.765B,1.527B,26.45B,64.50B,0,8.37B,16.80B,37.95B,56.13B,21.16B,1.571B,5.727B,3.954B
MDLZ,2017-12,-9.997B,761.00M,4.313B,4.68B,0,0.54,0.53,39.72B,15.68B,2.653B,2017-12,2.557B,695.00M,-101.00M,-101.00M,8.677B,3.341B,12.97B,946.00M,7.433B,724.00M,156.00M,6.966B,1.662B,25.99B,62.96B,0,7.52B,15.79B,36.88B,55.44B,21.09B,1.707B,5.705B,3.526B
MDLZ,2017-09,-9.917B,844.00M,3.981B,5.715B,0,0.65,0.64,39.71B,15.63B,2.549B,2017-09,2.781B,981.00M,-89.00M,-89.00M,8.538B,4.664B,12.92B,1.166B,6.79B,1.162B,272.00M,6.53B,1.338B,26.03B,63.29B,0,8.155B,16.04B,37.19B,55.14B,21.16B,1.383B,5.139B,3.913B
MDLZ,2017-06,-10.22B,1.397B,3.672B,5.555B,0,0.33,0.32,39.43B,15.38B,2.314B,2017-06,2.71B,498.00M,-103.00M,-103.00M,8.444B,4.587B,13.23B,815.00M,6.586B,517.00M,84.00M,5.986B,1.455B,25.72B,62.76B,0,8.193B,15.56B,36.96B,54.56B,21.40B,1.499B,5.012B,3.308B
MDLZ,2017-03,-10.56B,1.307B,3.896B,5.468B,0,0.41,0.41,38.81B,15.08B,2.518B,2017-03,2.603B,630.00M,-103.00M,-103.00M,8.377B,4.676B,12.91B,991.00M,6.576B,721.00M,154.00M,6.414B,1.483B,25.66B,62.08B,0,8.415B,15.06B,36.36B,53.66B,21.30B,1.527B,4.897B,3.864B
MDLZ,2016-12,-11.12B,1.741B,4.205B,3.982B,0,0.06,0.06,38.38B,14.69B,2.565B,2016-12,2.469B,69.00M,-115.00M,-115.00M,8.229B,4.721B,13.22B,810.00M,7.063B,-68.00M,-93.00M,6.77B,1.711B,25.16B,61.54B,0,8.48B,14.42B,36.32B,53.06B,21.91B,1.755B,5.318B,3.47B
MDLZ,2016-09,-9.699B,1.686B,3.908B,4.001B,0,0.35,0.35,39.47B,15.17B,2.488B,2016-09,2.776B,548.00M,-129.00M,-129.00M,8.465B,4.762B,13.10B,892.00M,6.508B,557.00M,40.00M,6.396B,1.552B,27.51B,63.26B,0,8.855B,13.96B,35.69B,54.41B,21.73B,1.596B,4.884B,3.914B
MDLZ,2016-06,-9.768B,1.755B,3.786B,3.702B,0,0.3,0.29,39.52B,14.95B,2.516B,2016-06,2.713B,464.00M,-135.00M,-135.00M,8.425B,4.801B,13.58B,804.00M,6.051B,487.00M,118.00M,6.302B,1.668B,27.59B,63.27B,0,8.979B,13.00B,35.60B,54.29B,22.60B,1.712B,4.562B,3.919B
MDLZ,2016-03,-9.381B,1.338B,3.92B,3.599B,0,0.35,0.35,40.07B,15.03B,2.535B,2016-03,2.756B,554.00M,-136.00M,-136.00M,8.534B,4.738B,13.80B,876.00M,6.409B,478.00M,49.00M,6.455B,1.615B,27.77B,63.98B,0,9.009B,13.18B,36.11B,54.97B,22.94B,1.659B,4.779B,4.325B
MDLZ,2015-12,-9.986B,1.87B,4.529B,841.00M,0,-0.46,-0.46,39.43B,14.55B,2.835B,2015-12,2.609B,-729.00M,-148.00M,-148.00M,8.362B,4.75B,14.56B,889.00M,6.524B,-756.00M,32.00M,7.364B,1.902B,28.01B,62.84B,0,8.958B,10.92B,34.74B,53.88B,23.82B,1.946B,4.89B,3.846B
MDLZ,2015-09,-9.609B,2.039B,4.179B,3.33B,0,4.52,4.46,40.08B,14.79B,2.67B,2015-09,3.029B,7.266B,-139.00M,-139.00M,8.564B,5.137B,13.03B,835.00M,6.438B,7.688B,348.00M,6.849B,1.79B,29.87B,66.39B,0,12.17B,13.64B,36.44B,54.22B,22.80B,1.835B,4.875B,5.918B
MDLZ,2015-06,-8.692B,1.958B,4.595B,6.247B,0,0.25,0.25,40.73B,14.88B,3.066B,2015-06,3.00B,406.00M,-147.00M,-147.00M,8.728B,5.289B,13.09B,1.059B,5.982B,527.00M,100.00M,7.661B,1.961B,24.64B,65.12B,0,11.89B,16.79B,40.38B,53.23B,23.60B,2.007B,4.499B,4.249B
MDLZ,2015-03,-9.208B,1.835B,4.821B,5.883B,0,0.2,0.19,41.79B,16.08B,2.941B,2015-03,3.421B,324.00M,-175.00M,-175.00M,9.261B,5.373B,12.82B,971.00M,7.071B,425.00M,113.00M,7.762B,1.924B,24.55B,64.21B,0,11.86B,16.47B,39.59B,52.34B,23.13B,1.97B,5.199B,4.913B
MDLZ,2014-12,-7.318B,1.631B,5.684B,2.835B,0,0.3,0.29,43.72B,16.91B,3.146B,2014-12,3.48B,500.00M,-196.00M,-196.00M,9.827B,5.512B,13.82B,996.00M,7.346B,618.00M,111.00M,8.83B,2.101B,27.75B,66.77B,0,11.75B,14.01B,38.92B,55.02B,24.91B,2.15B,5.299B,4.751B
MDLZ,2014-09,-4.584B,1.704B,5.195B,3.891B,0,0.53,0.53,45.51B,17.47B,3.142B,2014-09,4.122B,899.00M,-188.00M,-188.00M,10.15B,5.753B,13.99B,1.041B,7.104B,1.08B,178.00M,8.337B,2.053B,30.84B,69.97B,0,12.85B,14.62B,39.01B,57.12B,24.40B,2.101B,5.184B,5.352B
MDLZ,2014-06,-2.76B,2.132B,5.331B,4.286B,0,0.37,0.36,47.59B,18.06B,3.105B,2014-06,4.088B,622.00M,-192.00M,-192.00M,10.48B,6.086B,14.26B,1.012B,7.241B,733.00M,91.00M,8.436B,2.038B,32.27B,72.68B,0,13.10B,14.92B,40.27B,59.58B,25.36B,2.093B,5.303B,5.533B
MDLZ,2014-03,-3.116B,2.422B,5.437B,4.177B,0,0.1,0.09,47.40B,17.78B,3.204B,2014-03,4.027B,163.00M,-202.00M,-202.00M,10.24B,6.202B,14.77B,885.00M,7.646B,123.00M,-27.00M,8.641B,2.265B,31.65B,72.96B,0,13.70B,15.32B,41.18B,59.26B,25.86B,2.319B,5.372B,5.90B
MDLZ,2013-12,-2.889B,2.622B,5.995B,2.597B,0,1.01,1,47.59B,17.61B,3.493B,2013-12,3.743B,1.766B,-234.00M,-234.00M,10.25B,6.282B,14.48B,1.146B,7.663B,163.00M,-7.00M,9.488B,2.294B,32.37B,72.52B,0,13.17B,14.35B,39.98B,59.34B,25.63B,2.347B,5.345B,5.403B
MDLZ,2013-09,-3.318B,3.692B,5.328B,4.83B,0,0.57,0.56,47.79B,17.35B,3.144B,2013-09,4.161B,1.012B,-257.00M,-257.00M,10.08B,6.218B,15.09B,1.305B,6.724B,1.044B,26.00M,8.472B,1.784B,32.34B,74.86B,0,15.46B,15.27B,42.37B,59.40B,27.10B,1.839B,4.533B,6.245B
MDLZ,2013-06,-4.182B,2.476B,5.364B,3.075B,0,0.34,0.33,47.05B,16.63B,3.231B,2013-06,3.937B,601.00M,-235.00M,-235.00M,9.703B,6.084B,14.99B,907.00M,6.42B,630.00M,28.00M,8.595B,2.269B,31.41B,71.82B,0,13.74B,13.13B,40.27B,58.08B,27.14B,2.324B,4.316B,5.989B
MDLZ,2013-03,-3.354B,2.759B,5.502B,3.531B,0,0.3,0.3,47.78B,16.72B,3.242B,2013-03,3.849B,536.00M,-279.00M,-279.00M,9.845B,6.293B,14.97B,856.00M,6.725B,555.00M,13.00M,8.744B,2.332B,31.87B,73.30B,0,14.30B,13.85B,41.28B,59.00B,27.43B,2.386B,4.378B,6.265B
MDLZ,2012-12,-2.666B,4.475B,5.945B,3.851B,0,0.33,0.33,48.29B,16.86B,3.55B,2012-12,3.741B,573.00M,391.00M,391.00M,10.01B,6.235B,15.57B,921.00M,7.126B,664.00M,64.00M,9.495B,2.575B,32.28B,75.48B,0,15.67B,14.87B,43.06B,59.80B,28.19B,2.629B,4.642B,6.129B
MDLZ,2012-09,-6.559B,3.873B,5.206B,2.183B,0,0.37,0.37,62.73B,24.89B,3.12B,2012-09,6.429B,652.00M,-737.00M,-737.00M,14.05B,6.749B,27.32B,851.00M,8.215B,101.00M,-76.00M,8.326B,2.215B,36.55B,97.78B,0,19.52B,15.84B,61.10B,78.26B,45.26B,2.269B,5.499B,7.11B
MDLZ,2012-06,-6.684B,4.643B,5.316B,2.168B,0,0.58,0.58,62.13B,24.32B,3.211B,2012-06,6.165B,1.029B,-344.00M,-344.00M,13.76B,6.807B,28.08B,964.00M,7.802B,593.00M,103.00M,8.527B,2.194B,36.13B,97.11B,0,19.83B,16.05B,60.87B,77.28B,44.81B,2.247B,5.161B,6.642B
MDLZ,2012-03,-5.242B,1.852B,5.472B,5.143B,0,0.46,0.46,63.54B,24.66B,3.195B,2012-03,6.286B,813.00M,-487.00M,-487.00M,14.08B,6.901B,23.20B,947.00M,8.47B,416.00M,77.00M,8.667B,2.192B,36.96B,96.65B,0,17.69B,19.30B,59.56B,78.95B,40.26B,2.248B,5.545B,7.314B
MDLZ,2011-12,-6.637B,1.974B,-2.845B,3.836B,0,0.48,0.48,62.48B,23.93B,-1.022B,2011-12,5.706B,857.00M,-71.00M,-71.00M,13.81B,6.738B,23.10B,-1.65B,8.388B,-1.958B,-1.017B,-3.867B,575.00M,35.22B,93.84B,0,16.20B,18.44B,58.51B,77.64B,40.06B,628.00M,5.525B,6.361B
MDLZ,2011-09,-4.864B,1.976B,8.611B,5.739B,0,0.52,0.52,63.01B,23.92B,4.615B,2011-09,6.399B,922.00M,-425.00M,-425.00M,13.86B,7.58B,23.14B,1.691B,7.974B,1.273B,346.00M,13.23B,2.866B,36.59B,95.83B,0,17.33B,20.36B,59.13B,78.50B,38.77B,2.924B,5.293B,6.835B
MDLZ,2011-06,-2.004B,2.267B,9.007B,6.16B,0,0.55,0.55,65.57B,24.26B,4.871B,2011-06,6.414B,976.00M,-441.00M,-441.00M,14.22B,7.993B,23.42B,1.806B,8.046B,1.365B,389.00M,13.88B,3.008B,38.99B,99.03B,0,17.50B,20.28B,59.92B,81.53B,39.64B,3.065B,5.308B,6.83B
MDLZ,2011-03,-2.744B,2.088B,7.937B,5.757B,0,0.46,0.45,64.94B,23.71B,4.636B,2011-03,6.116B,799.00M,-446.00M,-446.00M,14.00B,8.252B,24.29B,1.646B,9.622B,1.20B,398.00M,12.57B,2.933B,37.38B,98.27B,0,17.53B,19.78B,60.77B,80.74B,40.99B,2.99B,5.535B,7.131B
