Ticker,Date,Accrued Comprehensive Inc,Cash and Short Term Investments,Cost of Goods Sold,Current Debt & Capital Lease Obligation,Current Deferred Liabilities,EPS Basic,EPS Diluted,Goodwill and Intangibles,Gross PP&E,Gross Profit,Income (Quarterly),Inventories,Net Income,Net Non-Operating Interest Income Expense,Net Operating Interest Income,Net PP&E,Non-Current Deferred Liabilities,Non-Current Portion of LTD and Capital Lease Obligation,Operating Income,Payables and Accrued Expenses,Pre-Tax Income,Provision for Income Taxes,Revenue,SG&A Expense,Shareholders Equity,Total Assets,Total Capital Stock,Total Current Assets,Total Current Liabilities,Total Liabilities,Total Long Term Assets,Total Long Term Liabilities,Total Operating Expenses,Total Payables,Total Receivables
MGM,2020-12,-30.68M,5.102B,910.66M,112.04M,256.19M,-0.92,-0.92,5.735B,30.39B,582.88M,2020-12,88.32M,-447.60M,-188.68M,-188.68M,22.92B,2.153B,20.77B,-350.35M,1.456B,-562.87M,-106.90M,1.494B,634.50M,6.505B,36.49B,4.943M,5.951B,1.857B,25.32B,30.54B,23.46B,933.22M,345.86M,559.92M
MGM,2020-09,-39.37M,4.594B,729.52M,95.45M,367.15M,-1.08,-1.08,5.789B,23.12B,396.40M,2020-09,97.32M,-534.73M,-173.81M,-173.81M,23.12B,2.164B,19.80B,-511.70M,1.967B,-678.70M,-76.73M,1.126B,613.73M,6.861B,37.00B,4.933M,6.186B,2.767B,25.30B,30.82B,22.54B,908.10M,179.27M,1.250B
MGM,2020-06,-39.03M,4.836B,374.37M,2.548M,563.94M,-1.67,-1.67,5.838B,23.36B,-84.56M,2020-06,106.79M,-857.26M,-156.76M,-156.76M,23.36B,2.243B,19.72B,-999.83M,1.775B,-1.207B,-270.24M,289.81M,616.14M,7.375B,37.47B,4.933M,6.371B,2.575B,25.12B,31.10B,22.55B,915.27M,149.14M,1.205B
MGM,2020-03,-39.77M,6.016B,1.438B,43.41M,0,1.64,1.64,5.887B,23.60B,814.65M,2020-03,106.33M,806.87M,-157.14M,-157.14M,23.60B,2.388B,20.12B,-221.87M,1.891B,936.82M,262.30M,2.253B,718.11M,8.174B,39.12B,4.932M,7.598B,2.626B,25.79B,31.52B,23.16B,1.037B,243.70M,1.234B
MGM,2019-12,-10.20M,2.330B,1.900B,0,0,3.94,3.91,5.911B,31.26B,1.285B,2019-12,102.89M,2.012B,-200.48M,-200.48M,22.68B,2.107B,15.45B,275.92M,1.994B,2.622B,556.38M,3.185B,676.05M,7.727B,33.88B,5.031M,4.008B,3.191B,21.21B,29.87B,18.02B,1.010B,581.69M,1.375B
MGM,2019-09,-46.84M,1.234B,1.937B,0,0,-0.08,-0.08,5.943B,21.25B,1.378B,2019-09,104.21M,-37.13M,-215.50M,-215.50M,21.25B,1.536B,15.46B,452.02M,2.558B,-1.172M,-7.276M,3.314B,602.77M,6.061B,31.17B,5.139M,2.881B,3.293B,20.65B,28.29B,17.36B,925.71M,398.14M,1.309B
MGM,2019-06,-26.33M,1.161B,1.905B,0,0,0.08,0.08,6.004B,21.72B,1.318B,2019-06,106.71M,43.40M,-215.83M,-215.83M,21.72B,1.553B,15.19B,350.27M,2.787B,87.90M,11.73M,3.223B,632.48M,6.520B,30.81B,5.263M,2.040B,2.787B,19.86B,28.77B,17.07B,968.15M,509.33M,583.77M
MGM,2019-03,-24.61M,1.223B,1.862B,0,0,0.05,0.05,6.048B,21.84B,1.315B,2019-03,111.30M,31.30M,-216.12M,-216.12M,21.84B,1.567B,15.24B,340.29M,2.810B,137.67M,71.51M,3.177B,654.55M,6.786B,31.15B,5.372M,2.207B,2.813B,19.93B,28.94B,17.12B,974.25M,585.88M,621.14M
MGM,2018-12,-8.556M,1.527B,1.827B,0,0,-0.06,-0.06,5.766B,29.75B,1.226B,2018-12,110.83M,-23.33M,-214.54M,-214.54M,20.73B,1.343B,15.09B,331.94M,2.342B,98.50M,92.74M,3.053B,563.05M,6.512B,30.21B,5.275M,2.527B,2.949B,19.74B,27.68B,16.79B,894.10M,881.26M,685.64M
MGM,2018-09,6.234M,1.303B,1.787B,0,0,0.26,0.26,5.814B,0,1.242B,2018-09,104.44M,142.88M,-205.57M,-205.57M,20.73B,1.241B,14.66B,333.01M,2.978B,190.46M,19.05M,3.029B,561.51M,6.773B,29.97B,5.319M,2.208B,2.978B,19.23B,27.77B,16.25B,908.87M,673.75M,566.20M
MGM,2018-06,-3.237M,1.273B,1.669B,539.61M,453.65M,0.21,0.21,5.578B,27.89B,1.189B,2018-06,109.13M,123.78M,-181.49M,-181.49M,19.86B,1.226B,13.51B,332.10M,3.065B,164.13M,23.71M,2.859B,541.89M,6.847B,28.98B,5.379M,2.083B,3.065B,18.14B,26.89B,15.07B,857.18M,687.08M,520.47M
MGM,2018-03,-7.48M,1.525B,1.635B,158.04M,363.43M,0.39,0.38,5.620B,25.99B,1.187B,2018-03,107.31M,223.44M,-167.91M,-167.91M,19.71B,1.207B,12.74B,333.89M,3.047B,180.92M,-85.38M,2.822B,517.40M,7.371B,29.30B,5.568M,2.393B,3.587B,17.90B,26.91B,14.31B,853.14M,688.33M,547.24M
MGM,2017-12,-3.61M,1.500B,1.542B,466.38M,0,2.45,2.42,5.684B,0,1.056B,2017-12,102.29M,1.387B,-157.34M,-157.34M,19.64B,1.295B,12.75B,223.02M,2.527B,41.09M,-1.378B,2.598B,530.20M,7.577B,29.16B,5.663M,2.376B,3.138B,17.55B,26.78B,14.41B,832.52M,930.25M,584.82M
MGM,2017-09,-9.84M,1.987B,1.598B,472.59M,0,0.26,0.26,5.732B,0,1.232B,2017-09,101.24M,148.36M,-163.29M,-163.29M,19.13B,2.669B,13.03B,462.62M,2.269B,290.45M,114.71M,2.830B,490.53M,6.309B,29.10B,5.655M,2.795B,2.736B,18.78B,26.31B,16.04B,769.48M,486.70M,515.42M
MGM,2017-06,-9.148M,1.757B,1.521B,8.375M,0,0.36,0.36,5.780B,0,1.132B,2017-06,103.12M,209.86M,-174.06M,-174.06M,18.90B,2.560B,12.73B,431.87M,2.207B,314.53M,73.66M,2.652B,433.80M,6.511B,28.54B,5.75M,2.485B,2.680B,18.31B,26.06B,15.63B,699.64M,460.47M,476.49M
MGM,2017-03,7.217M,1.395B,1.532B,242.90M,0,0.36,0.36,5.848B,0,1.185B,2017-03,100.50M,206.41M,-174.06M,-174.06M,18.62B,2.542B,13.10B,458.44M,2.125B,314.71M,62.14M,2.718B,461.92M,6.376B,28.30B,5.745M,2.173B,2.125B,18.16B,26.13B,16.04B,726.76M,497.04M,493.76M
MGM,2016-12,15.05M,1.447B,1.481B,0,0,0.04,0.04,5.905B,0,1.003B,2016-12,97.73M,23.64M,-161.70M,-161.70M,18.43B,2.551B,12.98B,259.76M,1.922B,105.84M,36.95M,2.484B,448.51M,6.220B,28.17B,5.741M,2.230B,2.293B,18.20B,25.94B,15.91B,743.19M,720.69M,542.92M
MGM,2016-09,12.80M,1.446B,1.426B,0,0,0.94,0.93,5.953B,0,1.090B,2016-09,97.40M,535.62M,-168.05M,-168.05M,17.95B,2.544B,12.79B,388.47M,2.131B,516.26M,-45.00M,2.515B,459.73M,6.191B,27.71B,5.728M,2.214B,2.131B,17.79B,25.49B,15.66B,701.13M,539.46M,492.90M
MGM,2016-06,10.81M,2.503B,1.313B,0,0,0.84,0.83,5.502B,0,956.53M,2016-06,97.80M,474.35M,-180.35M,-180.35M,16.10B,2.591B,12.36B,321.60M,1.918B,522.98M,8.48M,2.270B,403.21M,5.533B,26.55B,5.656M,3.194B,1.918B,17.02B,23.36B,15.10B,634.93M,495.22M,455.10M
MGM,2016-03,11.62M,1.665B,1.302B,0,0,0.12,0.12,5.546B,0,907.97M,2016-03,97.58M,66.80M,-184.67M,-184.67M,15.69B,2.688B,12.69B,306.38M,1.845B,112.51M,21.31M,2.210B,379.79M,5.200B,25.50B,5.651M,2.402B,2.088B,17.63B,23.10B,15.54B,601.59M,469.26M,461.90M
MGM,2015-12,14.02M,1.670B,1.320B,328.44M,232.41M,-1.38,-1.38,5.596B,22.31B,872.31M,2015-12,104.20M,-781.45M,-186.29M,-186.29M,15.37B,2.681B,12.37B,253.79M,1.677B,-1.404B,69.98M,2.192B,397.30M,5.120B,25.22B,5.648M,2.409B,2.238B,17.45B,22.81B,15.21B,618.52M,585.68M,496.55M
MGM,2015-09,14.45M,1.808B,1.398B,875.03M,89.83M,0.12,0.12,7.112B,20.97B,882.92M,2015-09,100.53M,66.42M,-191.78M,-191.78M,15.01B,2.496B,12.82B,247.15M,1.863B,78.24M,-16.49M,2.281B,414.51M,5.901B,26.68B,5.632M,2.582B,1.953B,17.44B,24.10B,15.49B,635.77M,356.90M,486.90M
MGM,2015-06,13.89M,2.543B,1.456B,1.245B,83.31M,0.18,0.17,7.155B,20.22B,929.34M,2015-06,106.91M,97.46M,-203.24M,-203.24M,14.79B,2.526B,12.50B,309.57M,1.832B,122.70M,-3.772M,2.385B,393.31M,5.828B,27.15B,5.631M,3.267B,2.791B,17.97B,23.88B,15.18B,619.76M,377.60M,480.91M
MGM,2015-03,13.58M,2.196B,1.452B,1.192B,70.55M,0.35,0.33,7.207B,0,880.12M,2015-03,103.29M,169.85M,-216.26M,-216.26M,14.56B,2.547B,14.55B,279.31M,1.825B,156.34M,-56.30M,2.332B,378.53M,4.273B,26.80B,4.913M,2.957B,1.896B,19.15B,23.84B,17.25B,600.81M,313.04M,469.48M
MGM,2014-12,12.99M,2.284B,1.507B,317.19M,287.77M,-0.7,-0.7,7.262B,0,878.99M,2014-12,104.01M,-342.26M,-200.90M,-200.90M,14.44B,2.622B,12.81B,268.72M,1.875B,40.64M,328.11M,2.386B,393.99M,4.091B,26.59B,4.913M,3.027B,3.408B,18.97B,23.57B,15.56B,610.27M,685.18M,488.02M
MGM,2014-09,8.388M,1.313B,1.593B,0,18.82M,-0.04,-0.04,7.225B,0,891.95M,2014-09,99.27M,-20.27M,-202.84M,-202.84M,14.25B,2.339B,11.72B,270.28M,2.159B,60.59M,10.21M,2.485B,409.05M,4.421B,25.45B,4.909M,1.991B,3.369B,17.55B,23.46B,14.18B,621.67M,269.09M,433.85M
MGM,2014-06,15.24M,1.365B,1.619B,0,1.522M,0.22,0.22,7.295B,0,962.04M,2014-06,102.52M,110.01M,-203.94M,-203.94M,14.11B,2.357B,12.61B,367.29M,2.242B,126.22M,-51.94M,2.581B,381.92M,4.457B,25.57B,4.907M,2.166B,2.560B,17.63B,23.41B,15.07B,594.75M,286.29M,473.92M
MGM,2014-03,12.24M,1.115B,1.650B,0,46.64M,0.21,0.2,7.348B,0,980.30M,2014-03,101.55M,102.65M,-209.39M,-209.39M,14.03B,2.305B,12.93B,394.42M,2.113B,183.44M,-2.664M,2.630B,372.60M,4.343B,25.35B,4.906M,1.971B,2.160B,17.53B,23.38B,15.37B,585.89M,241.07M,492.54M
MGM,2013-12,12.50M,1.804B,1.605B,0,229.68M,-0.08,-0.08,7.409B,0,908.04M,2013-12,107.91M,-56.80M,-208.46M,-208.46M,14.06B,2.420B,13.45B,316.24M,1.986B,26.29M,3.883M,2.513B,380.94M,4.216B,26.08B,4.904M,2.719B,2.215B,18.22B,23.37B,16.01B,591.80M,590.22M,488.22M
MGM,2013-09,11.62M,1.375B,1.580B,0,0,-0.05,-0.05,7.449B,0,882.96M,2013-09,98.33M,-22.31M,-208.94M,-208.94M,13.97B,2.478B,13.03B,269.96M,2.161B,18.74M,-14.43M,2.463B,397.04M,4.262B,25.66B,4.898M,2.284B,2.161B,17.83B,23.37B,15.67B,613.00M,205.29M,411.08M
MGM,2013-06,11.31M,1.279B,1.580B,141.67M,233.62M,-0.19,-0.19,7.510B,19.91B,901.40M,2013-06,101.11M,-92.96M,-214.50M,-214.50M,14.04B,2.505B,13.11B,313.05M,2.098B,-26.71M,3.865M,2.481B,366.69M,4.289B,25.72B,4.896M,2.210B,2.098B,17.86B,23.51B,15.77B,588.34M,237.28M,440.33M
MGM,2013-03,7.982M,1.481B,1.494B,351.61M,209.52M,0.01,0.01,7.565B,20.20B,858.55M,2013-03,105.05M,6.546M,-225.45M,-225.45M,14.12B,2.476B,13.69B,293.96M,1.871B,53.01M,30.43M,2.352B,350.52M,4.373B,26.06B,4.894M,2.439B,1.871B,18.18B,23.62B,16.31B,564.59M,182.78M,475.58M
MGM,2012-12,14.30M,1.544B,1.484B,0,0,-2.5,-2.5,7.641B,0,810.43M,2012-12,107.58M,-1.224B,-279.92M,-279.92M,14.19B,2.474B,13.59B,187.12M,1.692B,-1.279B,-90.54M,2.295B,395.12M,4.366B,26.28B,4.892M,2.507B,1.926B,18.17B,23.78B,16.24B,623.31M,452.14M,443.68M
MGM,2012-09,12.53M,2.443B,1.463B,0,0,-0.37,-0.37,7.714B,0,792.42M,2012-09,107.77M,-181.16M,-275.77M,-275.77M,14.77B,2.528B,13.83B,181.15M,2.026B,-157.26M,-2.585M,2.255B,382.10M,5.553B,27.83B,4.89M,3.348B,2.026B,18.57B,24.48B,16.54B,611.28M,201.51M,412.39M
MGM,2012-06,11.05M,1.732B,1.476B,0,0,-0.3,-0.3,7.790B,0,847.52M,2012-06,113.32M,-145.45M,-276.32M,-276.32M,14.78B,2.514B,13.41B,259.86M,1.788B,-121.74M,-51.30M,2.324B,352.02M,5.726B,27.26B,4.889M,2.677B,1.929B,17.85B,24.59B,15.92B,587.66M,172.21M,478.59M
MGM,2012-03,6.837M,1.635B,1.498B,0,0,-0.44,-0.44,7.863B,0,789.19M,2012-03,110.67M,-217.25M,-284.34M,-284.34M,14.79B,2.471B,13.54B,206.83M,1.892B,-176.18M,27.13M,2.288B,345.55M,5.878B,27.39B,4.889M,2.594B,1.892B,17.90B,24.80B,16.01B,582.36M,225.80M,477.48M
MGM,2011-12,5.978M,1.866B,1.505B,0,0,-0.24,-0.24,7.945B,0,791.71M,2011-12,112.74M,-113.69M,-274.15M,-274.15M,14.87B,2.502B,13.47B,-3.221B,1.535B,-210.18M,-190.88M,2.297B,279.75M,6.087B,27.77B,4.888M,2.813B,1.745B,17.88B,24.95B,16.14B,4.013B,362.18M,491.73M
MGM,2011-09,-3.276M,1.815B,1.443B,0,0,-0.25,-0.25,8.026B,0,790.96M,2011-09,104.28M,-123.79M,-272.54M,-272.54M,14.87B,2.603B,13.10B,112.04M,1.664B,-186.26M,-79.68M,2.234B,429.41M,6.249B,27.85B,4.886M,2.722B,2.015B,17.91B,25.13B,15.90B,678.93M,161.12M,463.41M
MGM,2011-06,-1.52M,921.55M,1.131B,0,0,7.04,6.22,8.117B,0,675.38M,2011-06,105.32M,3.442B,-270.22M,-270.22M,15.02B,2.736B,12.63B,155.73M,1.289B,3.373B,-78.17M,1.806B,342.18M,6.366B,27.22B,4.886M,1.793B,1.585B,17.17B,25.42B,15.59B,519.65M,357.45M,370.08M
MGM,2011-03,2.261M,431.28M,947.95M,0,0,-0.18,-0.18,428.98M,0,564.90M,2011-03,95.10M,-89.87M,-269.91M,-269.91M,14.43B,2.372B,12.30B,106.36M,1.172B,-144.45M,-54.58M,1.513B,306.14M,2.919B,18.76B,4.886M,1.366B,1.172B,15.84B,17.39B,14.67B,458.54M,138.53M,491.42M
