Ticker,Date,Accrued Comprehensive Inc,Cash and Short Term Investments,Cost of Goods Sold,Current Debt & Capital Lease Obligation,EPS Basic,EPS Diluted,Goodwill and Intangibles,Gross PP&E,Gross Profit,Income (Quarterly),Inventories,Net Income,Net Non-Operating Interest Income Expense,Net Operating Interest Income,Net PP&E,Non-Current Deferred Liabilities,Non-Current Portion of LTD and Capital Lease Obligation,Operating Income,Payables and Accrued Expenses,Pre-Tax Income,Provision for Income Taxes,Research and Development Expense,Revenue,SG&A Expense,Shareholders Equity,Total Assets,Total Capital Stock,Total Current Assets,Total Current Liabilities,Total Liabilities,Total Long Term Assets,Total Long Term Liabilities,Total Operating Expenses,Total Payables,Total Receivables
MLM,2020-12,-158.40M,207.30M,854.20M,48.60M,2.94,2.93,2.922B,9.408B,325.40M,2020-12,709.00M,183.00M,-28.40M,-28.40M,5.695B,781.50M,3.036B,240.70M,333.90M,208.30M,25.20M,0,1.180B,84.90M,5.891B,10.58B,0.60M,1.668B,499.30M,4.688B,8.912B,4.188B,84.70M,207.80M,575.10M
MLM,2020-09,-138.60M,116.60M,916.90M,51.90M,4.72,4.71,2.919B,9.305B,404.50M,2020-09,714.50M,294.40M,-28.70M,-28.70M,5.650B,760.40M,3.048B,401.00M,328.20M,375.90M,81.50M,0,1.321B,71.10M,5.756B,10.44B,0.60M,1.653B,506.20M,4.676B,8.783B,4.170B,3.50M,210.70M,686.30M
MLM,2020-06,-142.20M,70.10M,890.10M,181.40M,3.49,3.49,2.878B,9.206B,380.50M,2020-06,712.90M,217.60M,-31.20M,-31.20M,5.628B,741.20M,3.045B,306.90M,298.80M,279.00M,61.40M,0,1.271B,71.20M,5.491B,10.23B,0.60M,1.587B,595.30M,4.733B,8.640B,4.138B,73.60M,197.20M,690.40M
MLM,2020-03,-145.40M,424.00M,815.80M,692.80M,0.42,0.41,2.880B,9.169B,142.40M,2020-03,700.50M,25.90M,-29.80M,-29.80M,5.663B,737.00M,3.053B,58.10M,280.80M,26.00M,0.10M,0,958.20M,78.70M,5.297B,10.50B,0.60M,1.833B,1.076B,5.204B,8.670B,4.128B,84.30M,202.00M,562.80M
MLM,2019-12,-145.80M,21.00M,841.80M,392.70M,2.1,2.09,2.884B,9.115B,258.60M,2019-12,690.80M,131.00M,-30.60M,-30.60M,5.688B,733.00M,2.868B,184.80M,329.90M,156.30M,25.20M,0,1.100B,73.80M,5.351B,10.13B,0.60M,1.427B,838.50M,4.778B,8.705B,3.940B,73.80M,229.60M,573.70M
MLM,2019-09,-134.76M,49.09M,999.60M,241.80M,3.97,3.96,2.889B,8.962B,420.60M,2019-09,649.72M,248.60M,-32.40M,-32.40M,5.617B,725.10M,3.170B,345.30M,362.52M,314.80M,66.20M,0,1.420B,78.20M,5.302B,10.22B,0.624M,1.578B,688.98M,4.919B,8.645B,4.230B,75.30M,238.56M,763.88M
MLM,2019-06,-137.33M,53.60M,922.60M,436.05M,3.02,3.01,2.888B,8.884B,356.90M,2019-06,646.34M,189.50M,-33.30M,-33.30M,5.620B,699.46M,3.171B,285.90M,295.69M,239.40M,49.90M,0,1.280B,72.40M,5.095B,10.16B,0.623M,1.533B,822.22M,5.066B,8.631B,4.244B,71.00M,199.18M,710.60M
MLM,2019-03,-140.32M,37.36M,796.10M,410.83M,0.68,0.68,2.896B,8.837B,142.90M,2019-03,646.18M,42.90M,-32.90M,-32.90M,5.645B,695.77M,3.247B,69.30M,296.90M,37.90M,-5.00M,0,939.00M,78.30M,4.972B,10.05B,0.625M,1.370B,757.64M,5.073B,8.678B,4.315B,73.60M,184.84M,550.61M
MLM,2018-12,-143.60M,44.90M,792.95M,390.00M,1.5,1.5,2.900B,8.295B,227.31M,2018-12,663.00M,94.38M,-33.57M,-33.57M,5.157B,705.60M,2.730B,147.58M,325.80M,116.06M,21.55M,0,1.020B,70.97M,4.946B,9.551B,0,1.366B,786.70M,4.602B,8.186B,3.815B,79.73M,210.80M,523.30M
MLM,2018-09,-121.49M,53.96M,906.66M,380.04M,2.86,2.85,2.908B,8.183B,312.98M,2018-09,651.30M,180.22M,-35.47M,-35.47M,5.103B,692.88M,2.830B,240.75M,337.84M,209.44M,29.09M,0,1.220B,68.44M,4.939B,9.588B,0.626M,1.455B,772.69M,4.646B,8.133B,3.873B,72.23M,191.38M,644.84M
MLM,2018-06,-125.88M,33.78M,886.49M,320.05M,2.94,2.92,2.916B,8.119B,315.92M,2018-06,650.92M,185.38M,-32.97M,-32.97M,5.113B,644.47M,2.899B,276.08M,304.94M,238.10M,52.60M,0,1.202B,71.07M,4.843B,9.597B,0.629M,1.457B,709.13M,4.741B,8.140B,4.032B,39.84M,188.76M,675.57M
MLM,2018-03,-127.48M,1.422B,691.61M,300.01M,0.16,0.16,2.659B,6.523B,110.39M,2018-03,606.79M,10.02M,-35.09M,-35.09M,3.582B,413.57M,2.728B,39.79M,277.79M,12.50M,2.457M,0,802.00M,70.12M,4.677B,8.948B,0.628M,2.602B,650.98M,4.268B,6.346B,3.617B,70.60M,162.33M,466.46M
MLM,2017-12,-129.10M,1.446B,711.42M,299.91M,5.98,5.95,2.667B,6.498B,259.06M,2017-12,600.59M,377.14M,-23.46M,-23.46M,3.593B,410.72M,2.727B,188.71M,292.85M,163.54M,-213.78M,0,970.48M,66.97M,4.680B,8.993B,0.628M,2.631B,694.22M,4.310B,6.361B,3.616B,70.35M,183.64M,487.24M
MLM,2017-09,-122.93M,35.22M,796.05M,81.08M,2.4,2.39,2.665B,6.376B,291.68M,2017-09,576.43M,151.55M,-23.14M,-23.14M,3.522B,662.98M,1.643B,228.28M,299.89M,204.30M,52.76M,0,1.088B,57.22M,4.331B,7.567B,0.627M,1.278B,468.50M,3.233B,6.289B,2.764B,63.40M,163.60M,582.53M
MLM,2017-06,-125.91M,36.72M,789.43M,143.83M,2.26,2.25,2.663B,6.306B,274.09M,2017-06,549.86M,142.28M,-24.04M,-24.04M,3.505B,663.41M,1.642B,214.83M,283.39M,194.23M,51.99M,0,1.064B,68.37M,4.198B,7.516B,0.627M,1.244B,534.32M,3.315B,6.272B,2.781B,59.26M,187.23M,570.62M
MLM,2017-03,-128.42M,55.42M,696.79M,290.05M,0.67,0.67,2.667B,6.212B,147.07M,2017-03,537.00M,42.33M,-20.85M,-20.85M,3.468B,667.16M,1.556B,77.17M,284.34M,56.84M,14.53M,0,843.86M,69.54M,4.073B,7.394B,0.626M,1.123B,631.56M,3.318B,6.271B,2.686B,69.90M,188.40M,479.22M
MLM,2016-12,-130.69M,50.04M,723.06M,180.04M,1.56,1.55,2.671B,6.116B,225.75M,2016-12,521.62M,98.86M,-20.78M,-20.78M,3.423B,663.02M,1.506B,157.78M,286.12M,136.37M,37.57M,0,948.82M,68.70M,4.140B,7.301B,0.63M,1.086B,546.59M,3.158B,6.215B,2.612B,67.97M,178.60M,457.91M
MLM,2016-09,-104.51M,60.68M,810.59M,228.02M,2.5,2.49,2.676B,6.013B,293.31M,2016-09,508.20M,159.48M,-20.57M,-20.57M,3.380B,676.14M,1.537B,242.98M,317.08M,230.35M,70.87M,0,1.104B,54.77M,4.155B,7.373B,0.633M,1.192B,604.91M,3.215B,6.182B,2.610B,50.33M,192.74M,566.42M
MLM,2016-06,-106.07M,28.60M,729.87M,245.30M,1.91,1.9,2.643B,5.897B,247.43M,2016-06,504.88M,122.05M,-20.29M,-20.29M,3.322B,639.78M,1.541B,191.10M,301.70M,175.55M,53.44M,0,977.30M,59.78M,4.013B,7.233B,0.633M,1.122B,601.60M,3.217B,6.111B,2.615B,56.34M,197.73M,534.46M
MLM,2016-03,-103.83M,27.24M,643.48M,177.43M,0.7,0.69,2.655B,5.778B,145.25M,2016-03,485.37M,44.99M,-20.03M,-20.03M,3.263B,620.57M,1.575B,86.32M,266.96M,64.76M,19.71M,0,788.73M,58.35M,3.943B,7.058B,0.633M,998.32M,492.13M,3.113B,6.060B,2.621B,58.93M,174.40M,448.05M
MLM,2015-12,-105.62M,168.41M,654.55M,28.95M,1.27,1.26,2.579B,5.613B,190.00M,2015-12,469.14M,83.18M,-18.94M,-18.94M,3.156B,583.46M,1.550B,152.68M,258.44M,122.49M,39.26M,0,844.56M,49.63M,4.057B,6.958B,0.643M,1.082B,366.66M,2.897B,5.876B,2.531B,37.32M,164.72M,410.92M
MLM,2015-09,-112.74M,436.43M,819.74M,147.54M,1.75,1.74,2.577B,5.489B,262.50M,2015-09,464.52M,117.54M,-18.93M,-18.93M,3.074B,665.71M,1.558B,181.58M,350.29M,165.06M,47.48M,0,1.082B,54.89M,4.251B,7.438B,0.66M,1.642B,575.39M,3.186B,5.796B,2.610B,80.92M,226.84M,577.42M
MLM,2015-06,-112.81M,44.17M,721.27M,15.97M,1.23,1.22,2.581B,5.421B,200.15M,2015-06,479.86M,81.94M,-19.09M,-19.09M,3.050B,756.53M,1.642B,139.08M,302.07M,120.91M,38.93M,0,921.42M,56.78M,4.309B,7.500B,0.668M,1.765B,363.83M,3.189B,5.734B,2.825B,61.08M,201.24M,497.47M
MLM,2015-03,-106.72M,56.37M,617.09M,14.41M,0.07,0.07,2.663B,5.695B,74.26M,2015-03,505.05M,6.126M,-19.33M,-19.33M,3.365B,753.73M,1.567B,27.18M,288.86M,5.347M,-0.812M,0,691.35M,49.45M,4.341B,7.418B,0.673M,1.282B,343.56M,3.075B,6.136B,2.732B,47.09M,184.07M,381.39M
MLM,2014-12,-106.16M,108.65M,691.04M,14.52M,0.95,0.94,2.664B,5.692B,165.33M,2014-12,484.92M,63.96M,-21.10M,-21.10M,3.403B,489.94M,1.571B,120.29M,297.41M,99.16M,35.28M,0,856.37M,50.01M,4.351B,7.220B,0.671M,1.044B,396.65M,2.867B,6.176B,2.470B,45.04M,202.48M,421.00M
MLM,2014-09,-43.28M,73.60M,808.13M,14.33M,0.8,0.79,2.643B,5.625B,195.59M,2014-09,475.29M,53.74M,-19.80M,-19.80M,3.378B,633.95M,1.604B,142.07M,354.92M,97.99M,44.09M,0,1.004B,48.43M,4.373B,7.339B,0.671M,1.213B,437.00M,2.963B,6.126B,2.526B,53.52M,230.21M,523.93M
MLM,2014-06,-42.14M,34.33M,533.62M,12.40M,1.28,1.27,663.52M,3.970B,135.60M,2014-06,348.17M,59.52M,-12.95M,-12.95M,1.775B,275.28M,1.072B,101.52M,197.24M,83.59M,23.91M,0,669.22M,36.57M,1.565B,3.356B,0.463M,876.70M,244.72M,1.789B,2.479B,1.544B,34.08M,139.44M,343.78M
MLM,2014-03,-42.74M,35.80M,402.79M,12.40M,-0.47,-0.47,664.36M,4.002B,25.84M,2014-03,354.72M,-21.62M,-12.20M,-12.20M,1.794B,272.35M,1.056B,-6.386M,157.02M,-31.56M,-8.424M,0,428.63M,34.25M,1.509B,3.255B,0.462M,758.21M,193.76M,1.711B,2.497B,1.517B,32.22M,98.78M,242.59M
MLM,2013-12,-44.11M,42.44M,443.96M,14.96M,0.78,0.77,665.21M,3.977B,101.03M,2013-12,347.31M,36.03M,-12.83M,-12.83M,1.799B,280.00M,1.019B,62.83M,150.82M,49.88M,14.43M,0,545.00M,37.46M,1.538B,3.260B,0.461M,755.37M,210.55M,1.685B,2.504B,1.474B,38.20M,103.60M,245.42M
MLM,2013-09,-102.71M,57.24M,522.21M,16.61M,1.55,1.54,665.67M,3.942B,143.11M,2013-09,350.44M,71.84M,-13.52M,-13.52M,1.783B,243.86M,1.107B,108.93M,186.24M,95.22M,22.92M,0,665.32M,37.14M,1.460B,3.337B,0.461M,845.67M,226.43M,1.838B,2.491B,1.612B,34.18M,112.99M,331.03M
MLM,2013-06,-106.26M,43.71M,454.33M,6.169M,0.89,0.89,664.97M,3.844B,107.00M,2013-06,348.87M,41.31M,-13.62M,-13.62M,1.717B,235.50M,1.087B,69.64M,154.61M,56.56M,15.10M,0.275M,561.33M,37.84M,1.402B,3.231B,0.461M,806.48M,192.53M,1.790B,2.425B,1.598B,37.36M,99.96M,287.52M
MLM,2013-03,-104.95M,37.26M,371.09M,5.677M,-0.61,-0.61,665.90M,3.825B,12.82M,2013-03,347.64M,-27.84M,-13.50M,-13.50M,1.732B,230.11M,1.073B,-23.32M,135.42M,-37.44M,-8.398M,0.307M,383.91M,37.65M,1.372B,3.155B,0.459M,715.73M,168.69M,1.745B,2.439B,1.576B,36.14M,77.08M,202.15M
MLM,2012-12,-106.17M,25.39M,425.54M,5.676M,0.47,0.46,666.64M,3.813B,76.72M,2012-12,332.31M,21.53M,-13.37M,-13.37M,1.753B,225.59M,1.042B,75.37M,131.68M,26.88M,4.947M,0,502.26M,38.00M,1.411B,3.161B,0.459M,700.40M,173.34M,1.711B,2.461B,1.537B,1.356M,83.54M,224.05M
MLM,2012-09,-77.48M,35.42M,468.25M,6.773M,1.36,1.36,667.32M,3.775B,124.02M,2012-09,335.09M,62.92M,-13.22M,-13.22M,1.751B,243.76M,1.092B,91.53M,165.30M,77.69M,13.70M,9.24M,592.27M,32.10M,1.430B,3.243B,0.458M,785.11M,217.11M,1.773B,2.458B,1.556B,32.49M,147.09M,296.95M
MLM,2012-06,-80.64M,41.39M,443.62M,10.52M,0.8,0.8,671.09M,3.739B,102.07M,2012-06,331.98M,36.75M,-13.26M,-13.26M,1.754B,229.97M,1.137B,59.24M,142.92M,46.03M,8.553M,25.90M,545.69M,35.28M,1.378B,3.227B,0.457M,760.33M,199.07M,1.810B,2.466B,1.611B,42.82M,142.92M,275.42M
MLM,2012-03,-81.99M,44.95M,370.15M,9.579M,-0.81,-0.81,669.95M,3.721B,23.83M,2012-03,333.49M,-36.73M,-13.49M,-13.49M,1.769B,225.55M,1.127B,-35.33M,142.41M,-46.96M,-9.875M,15.13M,393.97M,33.03M,1.360B,3.182B,0.456M,701.94M,185.37M,1.784B,2.480B,1.598B,59.15M,124.11M,212.05M
MLM,2011-12,-83.89M,26.02M,350.99M,7.182M,0.31,0.31,670.80M,3.689B,69.91M,2011-12,322.61M,14.84M,-13.30M,-13.30M,1.774B,222.06M,1.053B,20.74M,135.35M,7.834M,-0.85M,0.733M,420.90M,31.72M,1.409B,3.148B,0.456M,657.85M,173.71M,1.699B,2.490B,1.525B,49.16M,92.21M,203.75M
MLM,2011-09,-49.56M,56.84M,390.49M,7.15M,1.07,1.07,657.25M,3.662B,111.89M,2011-09,337.73M,49.16M,-13.40M,-13.40M,1.687B,249.57M,1.038B,80.01M,153.19M,64.47M,14.13M,1.735M,502.39M,32.77M,1.446B,3.159B,0.456M,767.42M,197.75M,1.673B,2.391B,1.475B,31.88M,102.58M,259.77M
MLM,2011-06,-49.32M,26.10M,364.85M,106.96M,0.78,0.78,657.38M,3.645B,97.54M,2011-06,336.36M,35.80M,-13.72M,-13.72M,1.698B,248.33M,978.96M,64.70M,125.36M,50.64M,13.83M,0.972M,462.39M,31.00M,1.412B,3.149B,0.456M,745.57M,262.90M,1.698B,2.403B,1.435B,32.84M,89.20M,269.39M
MLM,2011-03,-54.56M,176.83M,305.29M,7.101M,-0.39,-0.39,643.69M,3.590B,22.66M,2011-03,331.68M,-17.41M,-18.16M,-18.16M,1.676B,240.59M,1.162B,-4.448M,130.39M,-22.35M,-6.111M,0,327.94M,28.64M,1.393B,3.209B,0.455M,840.36M,158.76M,1.774B,2.368B,1.615B,27.10M,74.91M,203.24M
