Ticker,Date,Accrued Comprehensive Inc,Cash and Short Term Investments,Cost of Goods Sold,Current Debt & Capital Lease Obligation,Current Deferred Liabilities,EPS Basic,EPS Diluted,Goodwill and Intangibles,Gross PP&E,Gross Profit,Income (Quarterly),Inventories,Net Income,Net Non-Operating Interest Income Expense,Net Operating Interest Income,Net PP&E,Non-Current Deferred Liabilities,Non-Current Portion of LTD and Capital Lease Obligation,Operating Income,Payables and Accrued Expenses,Pre-Tax Income,Provision for Income Taxes,Revenue,SG&A Expense,Shareholders Equity,Total Assets,Total Capital Stock,Total Current Assets,Total Current Liabilities,Total Liabilities,Total Long Term Assets,Total Long Term Liabilities,Total Operating Expenses,Total Payables,Total Receivables
MNST,2020-12,3.034M,2.062B,505.60M,5.039M,45.43M,0.89,0.88,2.391B,519.41M,690.68M,2020-12,333.08M,471.74M,-4.568M,-4.568M,314.66M,264.44M,25.28M,402.30M,649.54M,400.80M,-70.94M,1.196B,0,5.161B,6.203B,3.193M,3.141B,749.99M,1.042B,3.062B,291.87M,288.38M,320.23M,666.01M
MNST,2020-09,-32.53M,1.674B,509.83M,0,45.54M,0.66,0.65,2.391B,524.12M,736.53M,2020-09,318.96M,347.65M,-1.796M,-1.796M,304.69M,268.28M,0,458.60M,682.67M,454.03M,106.38M,1.246B,0,4.629B,5.698B,3.192M,2.826B,773.76M,1.068B,2.872B,294.60M,277.93M,313.60M,740.81M
MNST,2020-06,-53.44M,1.172B,434.43M,0,44.89M,0.59,0.59,2.387B,511.91M,659.47M,2020-06,340.54M,311.37M,0.872M,0.872M,301.95M,272.93M,0,407.26M,594.32M,405.47M,94.10M,1.094B,0,4.222B,5.194B,3.19M,2.371B,674.86M,972.27M,2.822B,297.41M,252.20M,284.47M,760.43M
MNST,2020-03,-62.68M,935.35M,424.90M,0,44.84M,0.52,0.52,2.385B,509.27M,637.20M,2020-03,352.30M,278.84M,3.121M,3.121M,295.57M,278.39M,0,364.99M,629.83M,365.86M,87.02M,1.062B,0,3.871B,4.881B,3.186M,2.049B,701.54M,1.011B,2.833B,309.01M,272.21M,318.24M,670.57M
MNST,2019-12,-32.39M,1.331B,406.44M,0,44.24M,0.47,0.47,2.384B,506.07M,610.77M,2019-12,360.73M,254.95M,2.973M,2.973M,298.64M,287.47M,0,317.04M,569.60M,321.23M,66.28M,1.017B,0,4.171B,5.150B,3.182M,2.316B,661.10M,979.07M,2.834B,317.97M,293.72M,288.76M,540.33M
MNST,2019-09,-43.08M,1.305B,460.58M,0,43.80M,0.55,0.55,2.379B,445.70M,673.00M,2019-09,317.74M,298.92M,2.742M,2.742M,251.76M,292.10M,0,395.44M,634.66M,398.56M,99.64M,1.134B,0,4.108B,5.137B,3.181M,2.361B,714.22M,1.029B,2.777B,315.17M,277.56M,325.11M,647.98M
MNST,2019-06,-28.76M,1.246B,442.76M,0,43.84M,0.54,0.53,2.377B,424.56M,661.28M,2019-06,299.53M,292.47M,2.988M,2.988M,240.16M,298.38M,0,378.99M,632.22M,381.96M,89.49M,1.104B,0,4.058B,5.084B,3.18M,2.327B,705.50M,1.027B,2.758B,321.25M,282.29M,307.81M,688.20M
MNST,2019-03,-34.12M,882.04M,372.46M,0,43.59M,0.48,0.48,2.374B,425.57M,573.53M,2019-03,300.78M,261.48M,0,0,241.23M,303.24M,0,311.46M,569.17M,314.20M,52.72M,945.99M,0,3.699B,4.656B,3.174M,1.907B,630.97M,957.03M,2.749B,326.06M,262.07M,273.85M,596.66M
MNST,2018-12,-32.86M,958.16M,372.03M,0,44.04M,0.43,0.43,2.378B,417.09M,552.20M,2018-12,277.70M,239.11M,0,0,243.05M,312.22M,0,306.51M,517.20M,310.90M,71.79M,924.23M,0,3.611B,4.527B,3.155M,1.804B,601.14M,915.99M,2.723B,314.84M,245.69M,258.95M,484.56M
MNST,2018-09,-29.78M,1.172B,408.50M,0,44.23M,0.48,0.48,2.374B,408.28M,607.66M,2018-09,262.08M,267.73M,0,0,242.85M,319.01M,0,339.57M,581.89M,342.56M,74.83M,1.016B,0,3.893B,4.871B,3.154M,2.153B,656.36M,978.09M,2.719B,321.73M,268.09M,285.37M,620.16M
MNST,2018-06,-25.20M,870.78M,395.62M,0,43.89M,0.48,0.48,2.371B,397.26M,620.26M,2018-06,275.57M,270.12M,0.476M,0.476M,240.66M,320.26M,0,357.62M,543.97M,358.10M,87.98M,1.016B,0,3.605B,4.542B,3.152M,1.829B,614.21M,936.91M,2.713B,322.70M,262.64M,283.10M,592.57M
MNST,2018-03,-13.72M,1.097B,335.66M,0,44.32M,0.38,0.38,2.368B,379.85M,515.26M,2018-03,268.61M,216.05M,1.805M,1.805M,231.20M,328.30M,0,279.92M,472.87M,281.72M,65.67M,850.92M,0,3.876B,4.740B,3.15M,2.039B,534.02M,864.52M,2.702B,330.50M,235.34M,235.82M,525.46M
MNST,2017-12,-16.66M,1.202B,306.74M,0,43.24M,0.36,0.35,2.366B,369.09M,503.61M,2017-12,255.74M,201.32M,3.996M,3.996M,230.28M,334.35M,0,267.11M,482.12M,267.84M,66.52M,810.36M,0,3.895B,4.791B,3.146M,2.086B,560.35M,895.80M,2.705B,335.45M,236.50M,256.56M,449.48M
MNST,2017-09,-15.53M,1.096B,339.77M,0,43.57M,0.39,0.38,2.365B,357.96M,569.71M,2017-09,213.34M,218.74M,-2.551M,-2.551M,225.42M,342.25M,0,317.37M,526.92M,321.37M,102.62M,909.48M,0,3.768B,4.709B,3.126M,1.934B,597.68M,940.75M,2.775B,343.07M,252.34M,239.71M,535.34M
MNST,2017-06,-16.83M,1.102B,323.57M,0,43.95M,0.39,0.39,2.365B,335.25M,583.50M,2017-06,190.60M,222.63M,0.658M,0.658M,211.56M,346.94M,0,350.04M,494.20M,347.49M,124.86M,907.07M,0,3.776B,4.684B,3.124M,1.880B,561.17M,908.11M,2.804B,346.94M,233.46M,251.62M,537.08M
MNST,2017-03,-21.92M,785.70M,261.27M,0,42.62M,0.31,0.31,2.365B,306.06M,480.87M,2017-03,171.29M,177.98M,-1.037M,-1.037M,189.63M,349.70M,0,264.26M,412.92M,264.92M,86.94M,742.15M,0,3.530B,4.350B,3.122M,1.617B,469.82M,819.52M,2.733B,349.70M,216.61M,186.84M,571.98M
MNST,2016-12,-23.25M,598.14M,255.65M,0,41.67M,0.3,0.3,2.364B,283.25M,498.11M,2016-12,161.97M,172.95M,-0.222M,-0.222M,173.34M,353.17M,0,251.73M,398.87M,246.73M,73.78M,753.76M,0,3.330B,4.153B,3.116M,1.432B,470.59M,823.76M,2.721B,353.17M,246.38M,200.93M,573.05M
MNST,2016-09,-14.53M,599.18M,284.98M,0,34.41M,0.34,0.33,2.364B,249.06M,502.98M,2016-09,167.84M,191.64M,0.608M,0.608M,144.62M,365.39M,0,290.38M,416.42M,289.34M,97.70M,787.95M,0,3.398B,4.236B,1.037M,1.550B,472.64M,838.03M,2.686B,365.39M,212.60M,177.99M,592.35M
MNST,2016-06,-14.48M,479.09M,309.67M,0,33.05M,0.31,0.3,2.366B,200.63M,517.81M,2016-06,174.40M,184.22M,0,0,102.56M,348.29M,0,288.52M,448.04M,288.30M,104.08M,827.49M,0,3.192B,4.038B,1.036M,1.293B,497.36M,845.64M,2.745B,348.29M,229.29M,188.74M,590.71M
MNST,2016-03,-15.44M,3.036B,257.09M,0,36.23M,0.27,0.26,1.708B,193.99M,423.10M,2016-03,165.93M,163.88M,0,0,99.26M,350.98M,0,254.71M,491.45M,255.32M,91.44M,680.19M,0,4.992B,5.883B,1.036M,3.793B,540.66M,891.64M,2.091B,350.98M,168.38M,254.97M,541.70M
MNST,2015-12,-21.88M,2.920B,242.07M,0,32.27M,0.2267,0.2233,1.708B,189.87M,403.36M,2015-12,156.12M,138.74M,-3.362M,-3.362M,97.35M,351.59M,0,228.45M,355.85M,229.49M,90.74M,645.43M,0,4.809B,5.571B,3.105M,3.600B,410.28M,761.87M,1.972B,351.59M,174.91M,147.51M,477.96M
MNST,2015-09,-20.85M,2.785B,291.14M,0,31.41M,0.2833,0.28,1.716B,193.87M,465.48M,2015-09,159.69M,174.57M,-1.015M,-1.015M,94.73M,444.58M,0,291.44M,453.04M,288.08M,113.50M,756.62M,0,4.655B,5.604B,1.034M,3.751B,504.61M,949.18M,1.853B,444.58M,174.04M,252.92M,533.48M
MNST,2015-06,-19.07M,2.931B,299.21M,0,26.42M,0.43,0.42,1.716B,186.48M,394.51M,2015-06,180.89M,229.00M,1.233M,1.233M,92.54M,444.83M,0,204.67M,451.11M,365.12M,136.12M,693.72M,0,4.855B,5.792B,1.033M,3.922B,491.93M,936.76M,1.869B,444.83M,189.84M,206.18M,498.34M
MNST,2015-03,-21.43M,1.010B,257.83M,0,10.58M,0.01,0.01,52.30M,176.74M,368.96M,2015-03,197.91M,4.414M,-1.038M,-1.038M,88.30M,67.30M,0,7.629M,528.73M,8.862M,4.448M,626.79M,0,1.468B,2.085B,1.058M,1.842B,549.29M,616.59M,243.05M,67.30M,361.33M,169.38M,344.06M
MNST,2014-12,-11.45M,1.151B,273.78M,0,49.93M,0.25,0.24,50.75M,173.74M,331.78M,2014-12,174.57M,125.33M,0.178M,0.178M,90.16M,68.01M,0,192.92M,287.81M,191.91M,66.58M,605.57M,0,1.515B,1.939B,1.035M,1.653B,355.72M,423.72M,285.72M,68.01M,138.86M,133.49M,280.76M
MNST,2014-09,-6.337M,996.36M,294.05M,0,14.34M,0.2433,0.2333,49.10M,168.43M,341.92M,2014-09,205.45M,121.60M,0.154M,0.154M,88.49M,105.83M,0,189.91M,341.93M,188.87M,67.27M,635.97M,0,1.386B,1.863B,1.035M,1.617B,370.61M,476.44M,245.40M,105.83M,152.01M,148.07M,333.16M
MNST,2014-06,-0.621M,827.02M,307.91M,0,14.32M,0.28,0.27,66.35M,166.81M,379.29M,2014-06,207.91M,141.00M,-0.332M,-0.332M,91.22M,108.55M,0,215.81M,380.21M,215.99M,74.99M,687.20M,0,1.256B,1.769B,1.032M,1.487B,404.84M,513.39M,281.67M,108.55M,163.48M,168.62M,398.79M
MNST,2014-03,-1.131M,750.95M,249.31M,0,14.03M,0.19,0.1833,65.52M,161.37M,286.82M,2014-03,204.06M,95.25M,-0.75M,-0.75M,91.73M,110.49M,0,148.86M,357.29M,149.02M,53.77M,536.13M,0,1.103B,1.594B,1.031M,1.355B,380.37M,490.86M,238.37M,110.49M,137.96M,171.48M,345.79M
MNST,2013-12,-1.233M,613.60M,263.69M,0,13.83M,0.1533,0.1467,65.77M,152.47M,277.16M,2013-12,221.45M,76.11M,0,0,88.14M,112.22M,0,134.76M,287.32M,131.74M,55.64M,540.85M,0,992.28M,1.421B,1.03M,1.183B,316.01M,428.23M,237.47M,112.22M,142.40M,128.74M,296.18M
MNST,2013-09,-1.134M,602.59M,282.95M,0,14.70M,0.1833,0.1767,63.61M,148.85M,307.47M,2013-09,247.37M,92.19M,0,0,88.50M,113.20M,0,151.43M,410.74M,150.72M,58.54M,590.42M,0,960.39M,1.512B,1.029M,1.278B,438.27M,551.48M,233.41M,113.20M,156.04M,216.43M,343.20M
MNST,2013-06,-2.984M,432.04M,294.67M,0.994M,14.21M,0.2133,0.2067,59.72M,138.87M,336.26M,2013-06,233.55M,106.87M,-3.468M,-3.468M,83.53M,115.65M,0,179.43M,323.29M,176.02M,69.15M,630.93M,118.22M,856.02M,1.318B,1.028M,1.094B,346.17M,461.82M,224.02M,115.65M,156.84M,153.92M,348.20M
MNST,2013-03,-0.543M,344.67M,232.18M,1.255M,13.08M,0.1267,0.1233,58.00M,126.18M,252.04M,2013-03,215.34M,63.50M,-4.473M,-4.473M,74.60M,116.24M,0,107.31M,309.20M,105.40M,41.91M,484.22M,111.74M,701.37M,1.147B,1.019M,936.70M,329.77M,446.00M,210.67M,116.24M,144.73M,150.00M,317.66M
MNST,2012-12,2.074M,319.56M,227.63M,1.623M,12.70M,0.1333,0.13,54.65M,116.35M,243.89M,2012-12,203.11M,67.98M,-2.511M,-2.511M,69.14M,110.38M,0,113.88M,262.92M,111.57M,43.59M,471.52M,97.08M,644.40M,1.043B,1.019M,835.07M,288.54M,398.93M,208.26M,110.38M,130.01M,132.80M,236.71M
MNST,2012-09,0.905M,590.71M,268.35M,0,12.36M,0.1633,0.1567,52.85M,109.14M,273.59M,2012-09,193.93M,86.14M,0.331M,0.331M,57.57M,112.21M,0,140.68M,292.78M,141.24M,55.10M,541.94M,0,889.68M,1.319B,1.013M,1.129B,317.04M,429.25M,189.98M,112.21M,132.91M,155.28M,289.25M
MNST,2012-06,-1.82M,870.23M,285.63M,0,12.06M,0.2067,0.1967,50.88M,102.27M,307.01M,2012-06,199.05M,109.80M,-0.027M,-0.027M,55.94M,113.76M,0,169.77M,279.91M,169.71M,59.92M,592.64M,0,1.188B,1.602B,1.004M,1.414B,299.83M,413.59M,187.26M,113.76M,137.24M,160.28M,306.39M
MNST,2012-03,0.908M,811.03M,213.44M,0,11.75M,0.1467,0.1367,49.13M,97.40M,241.17M,2012-03,179.13M,76.10M,-0.05M,-0.05M,55.69M,115.30M,0,126.28M,269.80M,126.63M,50.53M,454.60M,0,1.067B,1.471B,1.003M,1.284B,288.12M,403.42M,186.28M,115.30M,114.88M,170.34M,256.42M
MNST,2011-12,-1.547M,770.61M,195.71M,0,11.58M,0.1233,0.1167,48.40M,82.11M,214.24M,2011-12,155.61M,64.54M,1.055M,1.055M,45.15M,117.15M,0,103.40M,244.15M,104.53M,39.99M,409.96M,0,979.16M,1.362B,0.994M,1.183B,266.09M,383.24M,179.72M,117.15M,110.85M,124.44M,218.74M
MNST,2011-09,-1.504M,699.41M,224.40M,0,11.43M,0.1567,0.1467,47.47M,77.23M,250.31M,2011-09,164.48M,82.39M,-0.063M,-0.063M,44.07M,119.95M,0,132.09M,144.47M,131.23M,48.84M,474.71M,0,932.55M,1.218B,0.496M,1.039B,165.93M,285.88M,179.70M,119.95M,118.22M,111.65M,139.54M
MNST,2011-06,2.004M,699.42M,217.92M,0,11.05M,0.16,0.15,46.68M,69.93M,244.22M,2011-06,156.78M,84.25M,0.624M,0.624M,40.93M,121.38M,0,132.48M,143.76M,132.76M,48.51M,462.14M,0,950.34M,1.234B,0.495M,1.054B,161.85M,283.23M,179.44M,121.38M,111.74M,111.05M,162.30M
MNST,2011-03,1.11M,594.49M,170.88M,0,10.73M,0.1033,0.0967,45.30M,64.30M,185.54M,2011-03,173.72M,55.04M,0.004M,0.004M,39.04M,123.19M,0,88.46M,137.70M,88.76M,33.71M,356.42M,0,853.55M,1.132B,0.494M,955.82M,155.25M,278.44M,176.17M,123.19M,97.08M,111.34M,149.00M
