Ticker,Date,Accrued Comprehensive Inc,Cash and Short Term Investments,Cost of Goods Sold,Current Debt & Capital Lease Obligation,Current Deferred Liabilities,EPS Basic,EPS Diluted,Goodwill and Intangibles,Gross PP&E,Gross Profit,Income (Quarterly),Inventories,Net Income,Net Non-Operating Interest Income Expense,Net Operating Interest Income,Net PP&E,Non-Current Deferred Liabilities,Non-Current Portion of LTD and Capital Lease Obligation,Operating Income,Payables and Accrued Expenses,Pre-Tax Income,Provision for Income Taxes,Revenue,SG&A Expense,Shareholders Equity,Total Assets,Total Capital Stock,Total Current Assets,Total Current Liabilities,Total Liabilities,Total Long Term Assets,Total Long Term Liabilities,Total Operating Expenses,Total Payables,Total Receivables
MPC,2020-12,-512.00M,415.00M,16.88B,3.351B,0,0.29,0.29,10.62B,60.86B,1.092B,2020-12,7.999B,285.00M,-344.00M,-344.00M,40.56B,7.41B,29.74B,389.00M,9.64B,57.00M,-193.00M,17.97B,630.00M,22.20B,85.16B,10.00M,28.29B,15.66B,55.91B,56.87B,40.24B,703.00M,9.64B,5.76B
MPC,2020-09,-334.00M,618.00M,16.97B,3.031B,0,-1.36,-1.36,8.256B,60.96B,435.00M,2020-09,7.403B,-886.00M,-353.00M,-353.00M,41.40B,6.951B,30.49B,-394.00M,8.602B,-1.416B,-436.00M,17.41B,673.00M,22.45B,84.02B,10.00M,26.20B,14.25B,54.47B,57.82B,40.23B,829.00M,8.602B,4.911B
MPC,2020-06,-336.00M,1.091B,13.23B,2.34B,0,0.01,0.01,12.71B,68.46B,1.792B,2020-06,8.086B,9.00M,-345.00M,-345.00M,47.48B,7.199B,32.30B,899.00M,8.197B,636.00M,360.00M,15.02B,746.00M,23.74B,84.59B,10.00M,14.64B,11.50B,53.74B,69.95B,42.24B,893.00M,8.197B,4.361B
MPC,2020-03,-326.00M,1.69B,27.00B,2.34B,0,-14.25,-14.25,12.71B,68.03B,-1.788B,2020-03,7.445B,-9.234B,-341.00M,-341.00M,47.90B,7.001B,31.85B,-2.789B,10.31B,-12.16B,-1.937B,25.22B,821.00M,24.09B,86.32B,10.00M,15.69B,13.57B,55.09B,70.62B,41.52B,1.001B,10.31B,5.583B
MPC,2019-12,-320.00M,1.393B,25.45B,1.218B,0,0.68,0.68,18.46B,59.39B,2.556B,2019-12,9.804B,443.00M,-303.00M,-303.00M,42.68B,7.564B,29.32B,1.657B,13.22B,261.00M,184.00M,28.01B,779.00M,33.69B,98.56B,10.00M,30.46B,16.95B,56.42B,68.10B,39.47B,899.00M,13.22B,7.233B
MPC,2019-09,-212.00M,1.525B,25.11B,1.143B,0,1.67,1.66,21.28B,65.81B,2.446B,2019-09,9.696B,1.095B,-306.00M,-306.00M,47.56B,7.445B,30.24B,1.574B,13.33B,1.368B,255.00M,27.55B,761.00M,33.74B,98.14B,10.00M,19.14B,15.34B,55.48B,79.00B,40.14B,872.00M,13.33B,7.461B
MPC,2019-06,-161.00M,1.247B,30.57B,1.169B,0,1.67,1.66,20.28B,65.49B,2.961B,2019-06,9.088B,1.106B,-319.00M,-319.00M,47.92B,6.409B,29.92B,1.931B,12.91B,1.72B,353.00M,33.53B,886.00M,34.21B,96.90B,10.00M,18.40B,14.89B,53.84B,78.50B,38.94B,1.03B,12.91B,7.603B
MPC,2019-03,-151.00M,877.00M,26.88B,1.163B,0,-0.01,-0.01,20.23B,64.56B,1.374B,2019-03,9.833B,-7.00M,-309.00M,-309.00M,47.77B,6.142B,29.72B,356.00M,13.06B,363.00M,104.00M,28.25B,867.00M,33.95B,96.44B,10.00M,18.15B,15.15B,53.58B,78.28B,38.43B,1.018B,13.06B,6.893B
MPC,2018-12,-144.00M,1.687B,19.83B,544.00M,0,1.38,1.35,23.50B,61.21B,2.086B,2018-12,9.837B,951.00M,-362.00M,-362.00M,45.06B,6.182B,26.98B,1.099B,11.96B,761.00M,239.00M,21.92B,1.005B,35.18B,92.94B,10.00M,18.02B,13.22B,48.89B,74.92B,35.68B,987.00M,11.96B,5.853B
MPC,2018-09,-168.00M,4.992B,21.16B,26.00M,0,1.63,1.62,3.713B,43.28B,1.827B,2018-09,5.339B,737.00M,-195.00M,-195.00M,27.72B,3.895B,18.42B,1.306B,9.166B,1.163B,222.00M,22.99B,445.00M,15.17B,53.03B,7.00M,15.87B,9.634B,34.00B,37.16B,24.37B,521.00M,9.166B,5.408B
MPC,2018-06,-233.00M,4.999B,20.19B,26.00M,0,2.3,2.27,3.586B,41.98B,2.129B,2018-06,5.485B,1.055B,-193.00M,-193.00M,26.93B,3.803B,17.24B,1.628B,9.258B,1.516B,281.00M,22.32B,424.00M,14.96B,51.74B,7.00M,15.55B,9.715B,32.92B,36.19B,23.20B,501.00M,9.258B,4.919B
MPC,2018-03,-233.00M,4.653B,18.04B,26.00M,0,0.08,0.08,3.586B,41.18B,827.00M,2018-03,5.111B,37.00M,-179.00M,-179.00M,26.62B,3.771B,17.23B,352.00M,8.042B,257.00M,22.00M,18.87B,402.00M,14.99B,50.36B,7.00M,14.52B,8.372B,31.50B,35.84B,23.13B,475.00M,8.042B,4.613B
MPC,2017-12,-231.00M,3.011B,19.54B,624.00M,0,4.13,4.09,4.217B,40.54B,1.51B,2017-12,5.55B,2.016B,-160.00M,-160.00M,26.44B,3.32B,12.32B,1.088B,9.558B,959.00M,-1.166B,21.06B,408.00M,14.03B,49.05B,7.00M,13.40B,10.48B,28.22B,35.65B,17.74B,422.00M,9.558B,4.695B
MPC,2017-09,-239.00M,2.088B,17.28B,29.00M,0,1.79,1.77,3.586B,39.72B,1.928B,2017-09,5.493B,903.00M,-157.00M,-157.00M,26.04B,4.575B,12.75B,1.493B,7.35B,1.419B,415.00M,19.21B,411.00M,12.93B,46.81B,7.00M,11.63B,7.647B,27.00B,35.18B,19.36B,435.00M,7.35B,3.90B
MPC,2017-06,-236.00M,1.45B,16.77B,29.00M,0,0.94,0.93,3.586B,39.00B,1.408B,2017-06,5.548B,483.00M,-158.00M,-158.00M,25.79B,4.55B,12.58B,892.00M,6.353B,824.00M,250.00M,18.18B,485.00M,12.64B,45.45B,7.00M,10.44B,6.758B,25.88B,35.00B,19.12B,516.00M,6.353B,3.259B
MPC,2017-03,-237.00M,2.167B,15.60B,28.00M,0,0.06,0.06,3.586B,38.41B,684.00M,2017-03,5.392B,30.00M,-149.00M,-149.00M,25.67B,4.503B,12.57B,229.00M,6.488B,142.00M,41.00M,16.29B,390.00M,13.07B,45.82B,7.00M,11.04B,6.866B,26.02B,34.78B,19.16B,455.00M,6.488B,3.284B
MPC,2016-12,-234.00M,887.00M,21.86B,28.00M,0,0.43,0.43,3.587B,38.01B,-4.70B,2016-12,5.656B,227.00M,-136.00M,-136.00M,25.76B,4.465B,10.54B,504.00M,6.74B,417.00M,128.00M,17.16B,398.00M,13.56B,44.41B,7.00M,10.40B,7.146B,24.21B,34.01B,17.06B,-5.204B,6.74B,3.617B
MPC,2016-09,-327.00M,709.00M,13.58B,28.00M,0,0.28,0.27,3.648B,37.53B,3.039B,2016-09,5.524B,145.00M,-141.00M,-141.00M,25.70B,4.284B,10.54B,642.00M,5.986B,294.00M,75.00M,16.62B,420.00M,13.40B,43.29B,7.00M,9.545B,6.34B,23.34B,33.75B,17.00B,2.397B,5.986B,3.136B
MPC,2016-06,-321.00M,1.754B,13.07B,27.00M,0,1.51,1.51,3.648B,36.88B,3.742B,2016-06,5.209B,801.00M,-137.00M,-137.00M,25.51B,4.149B,11.03B,1.366B,6.396B,1.178B,395.00M,16.81B,401.00M,13.49B,44.13B,7.00M,10.30B,6.782B,24.20B,33.83B,17.42B,2.376B,6.396B,3.199B
MPC,2016-03,-318.00M,308.00M,10.31B,215.00M,0,0.003,0.003,3.649B,36.22B,2.442B,2016-03,4.983B,1.00M,-142.00M,-142.00M,25.32B,4.102B,11.35B,157.00M,4.989B,-67.00M,11.00M,12.76B,378.00M,12.90B,41.76B,7.00M,8.097B,5.595B,22.26B,33.66B,16.67B,2.285B,4.989B,2.602B
MPC,2015-12,-318.00M,1.127B,12.88B,29.00M,0,0.35,0.35,4.019B,35.60B,2.727B,2015-12,5.225B,187.00M,-98.00M,-98.00M,25.16B,4.02B,11.90B,307.00M,5.89B,235.00M,67.00M,15.61B,433.00M,13.24B,43.12B,7.00M,9.471B,6.345B,23.44B,33.64B,17.10B,2.42B,5.89B,2.927B
MPC,2015-09,-312.00M,2.044B,14.59B,780.00M,0,1.77,1.76,1.565B,26.36B,4.126B,2015-09,5.556B,948.00M,-70.00M,-70.00M,16.29B,2.499B,5.912B,1.668B,6.597B,1.479B,521.00M,18.72B,392.00M,12.28B,30.16B,7.00M,10.86B,7.686B,17.24B,19.30B,9.55B,2.458B,6.597B,3.124B
MPC,2015-06,-309.00M,1.881B,16.81B,780.00M,0,1.52,1.51,1.566B,26.01B,3.727B,2015-06,5.54B,826.00M,-64.00M,-64.00M,16.28B,2.577B,5.918B,1.316B,7.58B,1.271B,432.00M,20.54B,393.00M,11.64B,30.65B,7.00M,11.43B,8.725B,18.36B,19.22B,9.638B,2.411B,7.58B,3.876B
MPC,2015-03,-313.00M,2.078B,13.48B,776.00M,0,1.63,1.62,1.566B,25.62B,3.708B,2015-03,5.437B,891.00M,-81.00M,-81.00M,16.24B,2.766B,5.967B,1.45B,7.249B,1.389B,486.00M,17.19B,358.00M,11.34B,30.18B,4.00M,11.05B,8.346B,18.20B,19.13B,9.856B,2.258B,7.249B,3.364B
MPC,2014-12,-313.00M,1.494B,18.66B,27.00M,0,1.44,1.43,1.566B,25.30B,3.588B,2014-12,5.642B,798.00M,-72.00M,-72.00M,16.26B,2.782B,6.575B,1.22B,8.198B,1.187B,382.00M,22.25B,371.00M,10.75B,30.42B,7.00M,11.34B,8.579B,19.04B,19.09B,10.46B,2.368B,8.198B,4.058B
MPC,2014-09,-228.00M,1.854B,22.37B,26.00M,0,1.19,1.18,1.537B,24.71B,3.069B,2014-09,5.608B,672.00M,-50.00M,-50.00M,16.00B,2.892B,6.238B,1.031B,10.02B,1.012B,333.00M,25.44B,342.00M,10.85B,31.70B,4.00M,12.89B,10.37B,20.44B,18.82B,10.07B,2.038B,10.02B,5.271B
MPC,2014-06,-218.00M,2.125B,23.55B,26.00M,0,1.49,1.48,937.00M,22.28B,3.293B,2014-06,5.621B,855.00M,-48.00M,-48.00M,13.85B,2.766B,3.612B,1.301B,10.51B,1.321B,457.00M,26.84B,316.00M,10.62B,29.38B,4.00M,13.60B,11.06B,18.34B,15.78B,7.284B,1.992B,10.51B,5.725B
MPC,2014-03,-205.00M,2.166B,21.02B,24.00M,0,0.34,0.335,938.00M,21.99B,2.266B,2014-03,5.689B,199.00M,-46.00M,-46.00M,13.85B,3.065B,3.635B,325.00M,10.56B,315.00M,108.00M,23.28B,346.00M,10.34B,29.16B,4.00M,13.45B,10.85B,18.40B,15.71B,7.555B,1.941B,10.56B,5.42B
MPC,2013-12,-204.00M,2.292B,21.93B,23.00M,0,1.045,1.035,938.00M,21.79B,2.968B,2013-12,4.689B,626.00M,-39.00M,-39.00M,13.92B,3.085B,3.373B,985.00M,9.526B,969.00M,338.00M,24.90B,336.00M,10.92B,28.38B,4.00M,12.74B,9.824B,17.05B,15.65B,7.229B,1.983B,9.526B,5.559B
MPC,2013-09,-205.00M,2.018B,23.96B,23.00M,0,0.27,0.27,938.00M,21.38B,2.301B,2013-09,5.714B,168.00M,-46.00M,-46.00M,13.80B,3.063B,3.38B,291.00M,10.19B,254.00M,81.00M,26.26B,305.00M,10.85B,29.00B,4.00M,13.53B,10.40B,17.74B,15.47B,7.338B,2.01B,10.19B,5.593B
MPC,2013-06,-254.00M,3.069B,22.70B,23.00M,436.00M,0.92,0.915,938.00M,21.11B,2.976B,2013-06,4.83B,593.00M,-47.00M,-47.00M,13.80B,2.941B,3.387B,952.00M,9.903B,915.00M,316.00M,25.68B,358.00M,11.78B,29.70B,4.00M,14.25B,10.24B,17.50B,15.44B,7.257B,2.024B,9.903B,6.163B
MPC,2013-03,-382.00M,4.737B,20.39B,22.00M,448.00M,1.095,1.085,930.00M,20.89B,2.937B,2013-03,4.879B,725.00M,-47.00M,-47.00M,13.85B,3.025B,3.394B,1.155B,10.55B,1.108B,378.00M,23.33B,249.00M,12.00B,30.77B,4.00M,15.30B,10.73B,18.36B,15.48B,7.633B,1.782B,10.55B,5.509B
MPC,2012-12,-464.00M,4.86B,17.70B,19.00M,0,1.13,1.12,930.00M,19.41B,2.982B,2012-12,3.449B,755.00M,-46.00M,-46.00M,12.64B,2.307B,3.342B,1.182B,8.072B,1.144B,385.00M,20.69B,314.00M,11.69B,27.22B,4.00M,13.03B,8.203B,15.12B,14.19B,6.915B,1.80B,8.072B,4.61B
MPC,2012-09,-489.00M,3.387B,17.53B,20.00M,0,1.805,1.795,930.00M,19.05B,3.517B,2012-09,3.889B,1.224B,-24.00M,-24.00M,12.53B,2.209B,3.329B,1.713B,7.924B,1.87B,646.00M,21.05B,293.00M,11.47B,26.58B,4.00M,12.52B,8.308B,15.12B,14.07B,6.808B,1.804B,7.215B,5.101B
MPC,2012-06,-497.00M,1.895B,17.09B,19.00M,0,1.195,1.19,925.00M,18.69B,3.15B,2012-06,4.03B,814.00M,-17.00M,-17.00M,12.41B,2.123B,3.316B,1.297B,7.12B,1.29B,476.00M,20.24B,365.00M,10.33B,24.68B,4.00M,10.71B,7.568B,14.36B,13.98B,6.787B,1.853B,6.516B,4.708B
MPC,2012-03,-862.00M,2.205B,17.61B,17.00M,0,0.855,0.85,842.00M,18.31B,2.651B,2012-03,3.352B,596.00M,-22.00M,-22.00M,12.25B,1.776B,3.304B,952.00M,8.722B,934.00M,338.00M,20.26B,251.00M,9.216B,25.31B,4.00M,11.58B,9.201B,16.09B,13.73B,6.889B,1.699B,8.14B,5.867B
MPC,2011-12,-879.00M,3.079B,14.84B,15.00M,0,-0.105,-0.105,842.00M,18.07B,4.519B,2011-12,3.32B,-75.00M,-34.00M,-34.00M,12.23B,1.574B,3.292B,-179.00M,9.396B,-180.00M,-105.00M,19.36B,255.00M,9.505B,25.74B,4.00M,12.00B,9.591B,16.24B,13.74B,6.649B,4.698B,9.396B,5.461B
MPC,2011-09,-601.00M,2.957B,18.30B,14.00M,0,1.59,1.58,842.00M,17.66B,2.333B,2011-09,3.615B,1.133B,-15.00M,-15.00M,12.03B,1.757B,3.285B,1.744B,8.206B,1.744B,611.00M,20.64B,299.00M,10.05B,25.22B,4.00M,11.67B,8.612B,15.18B,13.56B,6.564B,589.00M,7.223B,4.914B
MPC,2011-06,-596.00M,1.622B,18.90B,12.00M,0,1.125,1.12,842.00M,17.37B,1.873B,2011-06,3.679B,802.00M,-13.00M,-13.00M,11.94B,1.687B,3.262B,1.308B,7.632B,1.333B,531.00M,20.78B,288.00M,8.977B,23.96B,4.00M,10.51B,8.549B,14.99B,13.45B,6.438B,565.00M,7.632B,5.042B
MPC,2011-03,-611.00M,2.984B,16.55B,64.00M,0,0.745,0.74,834.00M,16.87B,1.311B,2011-03,2.735B,529.00M,-11.00M,-11.00M,11.71B,1.676B,3.263B,810.00M,7.578B,822.00M,293.00M,17.86B,217.00M,9.036B,23.78B,0,10.58B,8.282B,14.74B,13.20B,6.459B,501.00M,7.357B,4.755B
