Ticker,Date,Accrued Comprehensive Inc,Cash and Short Term Investments,Cost of Goods Sold,Current Debt & Capital Lease Obligation,EPS Basic,EPS Diluted,Goodwill and Intangibles,Gross PP&E,Gross Profit,Income (Quarterly),Inventories,Net Income,Net Non-Operating Interest Income Expense,Net Operating Interest Income,Net PP&E,Non-Current Deferred Liabilities,Non-Current Portion of LTD and Capital Lease Obligation,Operating Income,Payables and Accrued Expenses,Pre-Tax Income,Provision for Income Taxes,Research and Development Expense,Revenue,SG&A Expense,Shareholders Equity,Total Assets,Total Capital Stock,Total Current Assets,Total Current Liabilities,Total Liabilities,Total Long Term Assets,Total Long Term Liabilities,Total Operating Expenses,Total Payables,Total Receivables
MRK,2020-12,-6.634B,8.062B,5.533B,6.431B,-0.8276,-0.83,34.84B,36.97B,6.982B,2020-12,6.31B,-2.094B,-196.00M,-196.00M,17.99B,1.015B,25.36B,-1.94B,20.90B,-1.993B,98.00M,5.837B,12.52B,3.085B,25.32B,91.59B,1.788B,27.76B,27.33B,66.18B,63.82B,38.86B,8.922B,7.843B,7.851B
MRK,2020-09,-6.383B,7.356B,3.481B,2.42B,1.16,1.16,36.92B,35.49B,9.07B,2020-09,8.209B,2.941B,-194.00M,-194.00M,16.92B,1.777B,26.32B,3.23B,17.98B,3.428B,483.00M,3.39B,12.55B,2.45B,29.19B,89.80B,1.788B,26.58B,20.40B,60.53B,63.22B,40.12B,5.84B,6.295B,8.422B
MRK,2020-06,-6.393B,11.10B,3.159B,4.718B,1.19,1.18,36.63B,33.97B,7.713B,2020-06,7.977B,3.002B,-195.00M,-195.00M,15.79B,2.091B,26.16B,3.212B,17.46B,3.519B,509.00M,2.123B,10.87B,2.378B,27.64B,90.62B,1.788B,29.34B,22.18B,62.87B,61.27B,40.69B,4.501B,6.278B,7.577B
MRK,2020-03,-6.391B,7.432B,3.312B,6.361B,1.27,1.26,35.86B,32.98B,8.745B,2020-03,7.476B,3.219B,-187.00M,-187.00M,15.27B,1.943B,21.64B,3.981B,17.12B,3.838B,619.00M,2.209B,12.06B,2.555B,26.20B,84.91B,1.788B,26.17B,23.48B,58.61B,58.74B,35.13B,4.764B,6.19B,8.182B
MRK,2019-12,-6.193B,10.45B,3.669B,3.61B,0.9283,0.92,33.62B,32.74B,8.199B,2019-12,5.978B,2.356B,-170.00M,-170.00M,15.05B,1.47B,22.74B,2.762B,18.61B,2.791B,428.00M,2.548B,11.87B,2.889B,25.91B,84.40B,1.788B,27.48B,22.22B,58.40B,56.91B,36.18B,5.437B,6.061B,6.778B
MRK,2019-09,-5.39B,8.018B,3.99B,3.411B,0.74,0.74,31.79B,31.57B,8.407B,2019-09,7.37B,1.901B,-170.00M,-170.00M,14.29B,1.96B,22.68B,2.614B,17.27B,2.347B,440.00M,3.204B,12.40B,2.589B,26.84B,83.33B,1.788B,26.14B,20.68B,56.41B,57.19B,35.72B,5.793B,5.505B,8.442B
MRK,2019-06,-5.362B,7.105B,3.401B,3.816B,1.04,1.03,32.87B,30.91B,8.359B,2019-06,5.847B,2.67B,-158.00M,-158.00M,13.86B,2.089B,22.77B,3.458B,16.27B,3.259B,615.00M,2.189B,11.76B,2.712B,27.64B,83.96B,1.788B,24.30B,20.08B,56.23B,59.67B,36.14B,4.901B,5.215B,7.964B
MRK,2019-03,-5.346B,8.798B,3.052B,3.175B,1.13,1.12,29.17B,30.13B,7.764B,2019-03,5.712B,2.915B,-120.00M,-120.00M,13.51B,1.835B,22.72B,3.408B,15.37B,3.067B,205.00M,1.931B,10.82B,2.425B,27.54B,82.35B,1.788B,25.35B,18.54B,54.68B,57.00B,36.14B,4.356B,5.287B,7.608B
MRK,2018-12,-5.545B,8.864B,3.289B,5.308B,0.7047,0.69,31.36B,29.62B,7.709B,2018-12,5.44B,1.827B,-117.00M,-117.00M,13.29B,1.702B,19.81B,2.852B,16.90B,2.604B,826.00M,2.214B,11.00B,2.643B,26.70B,82.64B,1.788B,25.88B,22.21B,55.76B,56.76B,33.55B,4.857B,6.747B,7.071B
MRK,2018-09,-5.151B,10.28B,3.619B,3.656B,0.73,0.73,30.43B,29.32B,7.175B,2018-09,5.416B,1.95B,-98.00M,-98.00M,12.76B,2.065B,19.94B,2.664B,14.93B,2.665B,707.00M,2.068B,10.79B,2.443B,32.42B,85.13B,1.788B,26.84B,18.59B,52.47B,58.29B,33.89B,4.511B,5.154B,7.374B
MRK,2018-06,-5.122B,7.594B,3.417B,3.379B,0.64,0.63,31.17B,29.19B,7.048B,2018-06,5.178B,1.707B,-113.00M,-113.00M,12.63B,2.159B,19.96B,2.266B,14.75B,2.086B,370.00M,2.274B,10.46B,2.508B,32.53B,85.04B,1.788B,24.06B,18.13B,52.27B,60.98B,34.15B,4.782B,4.994B,7.287B
MRK,2018-03,-5.06B,7.346B,3.184B,2.055B,0.27,0.27,31.80B,29.04B,6.853B,2018-03,5.382B,736.00M,-100.00M,-100.00M,12.56B,2.206B,21.50B,1.149B,14.90B,1.345B,604.00M,3.196B,10.04B,2.508B,33.67B,86.04B,1.788B,24.08B,16.96B,52.14B,61.96B,35.18B,5.704B,5.196B,7.245B
MRK,2017-12,-4.91B,8.498B,3.44B,3.057B,-0.3234,-0.3234,32.47B,29.04B,6.993B,2017-12,5.096B,-1.046B,-89.00M,-89.00M,12.44B,2.219B,21.35B,2.036B,15.56B,1.879B,2.917B,2.315B,10.43B,2.642B,34.34B,87.87B,1.788B,24.77B,18.61B,53.30B,63.11B,34.69B,4.957B,5.13B,6.873B
MRK,2017-09,-4.945B,11.20B,3.307B,5.157B,-0.02,-0.02,33.48B,28.85B,7.018B,2017-09,5.263B,-56.00M,-99.00M,-99.00M,12.19B,4.159B,21.84B,146.00M,14.31B,200.00M,251.00M,4.413B,10.32B,2.459B,38.25B,91.68B,1.788B,27.92B,19.47B,53.18B,63.76B,33.71B,6.872B,4.318B,7.671B
MRK,2017-06,-5.094B,11.97B,3.116B,3.181B,0.71,0.71,34.48B,28.47B,6.814B,2017-06,5.407B,1.946B,-97.00M,-97.00M,12.09B,4.56B,21.71B,2.532B,15.58B,2.439B,488.00M,1.782B,9.93B,2.50B,39.46B,92.80B,1.788B,28.17B,18.76B,53.09B,64.64B,34.33B,4.282B,6.214B,7.439B
MRK,2017-03,-5.08B,15.25B,3.049B,5.037B,0.56,0.56,35.22B,28.21B,6.385B,2017-03,5.146B,1.551B,-85.00M,-85.00M,12.04B,4.889B,23.44B,2.083B,14.79B,2.003B,447.00M,1.83B,9.434B,2.472B,39.84B,96.56B,1.788B,31.53B,19.82B,56.47B,65.03B,36.65B,4.302B,6.128B,7.066B
MRK,2016-12,-5.226B,14.34B,3.471B,568.00M,0.4282,0.42,35.47B,27.78B,6.644B,2016-12,4.866B,-595.00M,-96.00M,-96.00M,12.03B,5.077B,24.27B,-990.00M,16.64B,-1.356B,-769.00M,4.786B,10.12B,2.848B,40.09B,95.38B,1.788B,30.61B,17.20B,55.07B,64.76B,37.86B,7.634B,6.362B,7.018B
MRK,2016-09,-4.252B,13.07B,3.409B,1.487B,0.79,0.78,38.77B,28.05B,7.127B,2016-09,5.244B,2.184B,-83.00M,-83.00M,12.03B,6.374B,23.66B,3.07B,14.07B,2.887B,699.00M,1.664B,10.54B,2.393B,43.74B,98.34B,1.788B,29.44B,15.56B,54.38B,68.90B,38.82B,4.057B,4.981B,7.364B
MRK,2016-06,-4.086B,11.83B,3.578B,644.00M,0.44,0.43,38.12B,27.99B,6.266B,2016-06,5.248B,1.205B,-93.00M,-93.00M,11.99B,6.091B,23.64B,1.657B,14.27B,1.504B,295.00M,2.151B,9.844B,2.458B,43.36B,96.48B,1.788B,27.93B,14.92B,53.03B,68.55B,38.11B,4.609B,5.019B,6.916B
MRK,2016-03,-4.194B,12.94B,3.572B,2.113B,0.41,0.4,39.15B,28.41B,5.74B,2016-03,5.102B,1.125B,-93.00M,-93.00M,12.36B,6.256B,23.66B,1.763B,15.46B,1.624B,494.00M,1.659B,9.312B,2.318B,43.81B,98.76B,1.788B,28.77B,17.57B,54.85B,69.98B,37.29B,3.977B,5.412B,6.85B
MRK,2015-12,-4.148B,13.43B,3.85B,2.583B,0.3509,0.35,40.32B,28.43B,6.365B,2015-12,4.70B,977.00M,-94.00M,-94.00M,12.51B,6.535B,23.83B,1.952B,16.62B,816.00M,-166.00M,1.798B,10.22B,2.615B,44.68B,101.68B,1.788B,29.75B,19.20B,56.91B,71.93B,37.71B,4.413B,5.402B,6.484B
MRK,2015-09,-4.573B,12.09B,3.761B,2.543B,0.65,0.64,41.48B,28.52B,6.312B,2015-09,5.123B,1.826B,-97.00M,-97.00M,12.48B,5.959B,24.12B,2.34B,15.04B,2.397B,566.00M,1.50B,10.07B,2.472B,45.59B,101.23B,1.788B,28.57B,17.58B,55.55B,72.66B,37.97B,3.972B,5.43B,6.414B
MRK,2015-06,-4.332B,11.37B,3.754B,2.483B,0.24,0.24,42.46B,28.94B,6.031B,2015-06,5.306B,687.00M,-103.00M,-103.00M,12.63B,6.454B,24.07B,1.737B,15.02B,807.00M,119.00M,1.67B,9.785B,2.624B,46.45B,102.58B,1.788B,28.32B,17.51B,55.94B,74.26B,38.44B,4.294B,5.508B,6.51B
MRK,2015-03,-4.167B,15.60B,3.569B,4.728B,0.34,0.33,43.82B,29.70B,5.856B,2015-03,5.539B,953.00M,-90.00M,-90.00M,12.91B,6.803B,25.51B,1.518B,15.71B,1.381B,423.00M,1.737B,9.425B,2.601B,47.76B,108.34B,1.788B,32.93B,20.44B,60.43B,75.42B,39.99B,4.338B,5.847B,6.67B
MRK,2014-12,-4.323B,15.72B,3.749B,2.704B,2.578,2.54,33.38B,31.14B,6.733B,2014-12,5.571B,7.316B,-89.00M,-89.00M,13.14B,4.467B,18.70B,1.525B,15.69B,11.81B,4.484B,2.283B,10.48B,2.925B,48.65B,98.17B,1.788B,32.60B,18.40B,49.38B,65.56B,30.98B,5.208B,5.17B,6.626B
MRK,2014-09,-2.998B,14.35B,4.223B,9.275B,0.31,0.31,33.57B,32.20B,6.334B,2014-09,5.819B,895.00M,-122.00M,-122.00M,13.44B,4.987B,18.57B,1.70B,15.84B,1.49B,648.00M,1.659B,10.56B,2.975B,45.22B,101.81B,1.788B,34.72B,25.93B,56.45B,67.08B,30.52B,4.634B,6.034B,6.515B
MRK,2014-06,-2.444B,13.40B,4.893B,4.477B,0.69,0.68,30.62B,32.76B,6.041B,2014-06,6.136B,2.004B,-129.00M,-129.00M,13.89B,4.651B,18.59B,1.404B,12.65B,1.891B,-142.00M,1.664B,10.93B,2.973B,48.36B,97.86B,1.788B,33.59B,17.93B,49.34B,64.27B,31.42B,4.637B,3.821B,7.022B
MRK,2014-03,-2.179B,20.51B,3.903B,8.559B,0.58,0.57,32.64B,32.92B,6.361B,2014-03,6.376B,1.705B,-127.00M,-127.00M,14.30B,5.881B,19.59B,2.053B,13.06B,2.091B,360.00M,1.574B,10.26B,2.734B,49.98B,108.46B,1.788B,41.24B,22.47B,55.90B,67.22B,33.43B,4.308B,4.356B,7.188B
MRK,2013-12,-2.197B,17.49B,4.607B,4.521B,0.2668,0.26,36.10B,33.09B,6.713B,2013-12,6.226B,781.00M,-126.00M,-126.00M,14.97B,6.776B,20.54B,1.896B,13.35B,1.225B,410.00M,1.835B,11.32B,2.982B,49.76B,105.64B,1.788B,35.68B,17.87B,53.32B,69.96B,35.45B,4.817B,3.846B,7.184B
MRK,2013-09,-4.698B,18.17B,4.104B,3.976B,0.38,0.38,37.12B,33.13B,6.928B,2013-09,6.741B,1.124B,-148.00M,-148.00M,15.32B,15.55B,22.65B,2.465B,14.24B,1.525B,375.00M,1.66B,11.03B,2.803B,47.42B,106.42B,1.788B,37.76B,18.22B,56.41B,68.65B,38.20B,4.463B,5.056B,7.578B
MRK,2013-06,-4.76B,18.10B,4.284B,5.582B,0.3,0.3,38.53B,33.28B,6.726B,2013-06,6.766B,906.00M,-136.00M,-136.00M,15.68B,15.84B,22.53B,1.485B,12.82B,1.245B,310.00M,2.101B,11.01B,3.14B,47.50B,106.88B,1.788B,37.00B,18.40B,56.77B,69.88B,38.37B,5.241B,3.948B,7.779B
MRK,2013-03,-4.629B,16.02B,3.959B,4.736B,0.53,0.52,40.32B,33.42B,6.712B,2013-03,6.773B,1.593B,-127.00M,-127.00M,15.80B,15.70B,16.09B,1.818B,14.07B,1.55B,-66.00M,1.907B,10.67B,2.987B,53.03B,106.20B,1.788B,35.24B,18.80B,50.59B,70.96B,31.79B,4.894B,4.497B,7.965B
MRK,2012-12,-4.682B,16.14B,4.16B,4.315B,0.4629,0.46,41.22B,33.42B,7.577B,2012-12,6.535B,907.00M,-135.00M,-135.00M,16.03B,5.74B,16.25B,1.963B,14.03B,1.334B,385.00M,2.224B,11.74B,3.39B,53.02B,106.13B,1.788B,34.86B,18.35B,50.67B,71.28B,32.32B,5.614B,4.296B,7.672B
MRK,2012-09,-3.04B,18.12B,4.137B,2.029B,0.57,0.56,42.49B,33.36B,7.351B,2012-09,6.731B,1.729B,-131.00M,-131.00M,15.88B,14.94B,17.57B,2.37B,13.55B,2.218B,455.00M,1.918B,11.49B,3.063B,55.75B,106.30B,1.788B,36.23B,15.58B,48.09B,70.07B,32.51B,4.981B,4.631B,7.952B
MRK,2012-06,-3.126B,17.45B,4.112B,3.922B,0.59,0.58,43.78B,32.92B,8.199B,2012-06,6.249B,1.793B,-96.00M,-96.00M,15.87B,15.88B,15.06B,2.785B,12.99B,2.68B,860.00M,2.165B,12.31B,3.249B,55.19B,105.52B,1.788B,35.64B,16.91B,47.85B,69.89B,30.94B,5.414B,4.073B,8.152B
MRK,2012-03,-3.217B,15.57B,4.037B,2.93B,0.57,0.56,45.16B,32.82B,7.694B,2012-03,6.339B,1.738B,-120.00M,-120.00M,16.12B,16.38B,15.23B,2.758B,13.65B,2.507B,740.00M,1.862B,11.73B,3.074B,54.86B,105.51B,1.788B,34.34B,16.58B,48.20B,71.16B,31.61B,4.936B,4.829B,8.726B
MRK,2011-12,-3.132B,14.97B,4.176B,1.99B,0.4972,0.49,46.46B,32.47B,8.118B,2011-12,6.254B,1.512B,-130.00M,-130.00M,16.30B,16.42B,15.52B,1.995B,14.26B,1.581B,38.00M,2.419B,12.29B,3.704B,54.52B,105.13B,1.788B,33.18B,16.24B,48.18B,71.95B,31.94B,6.123B,4.085B,8.261B
MRK,2011-09,-2.713B,15.58B,4.352B,2.455B,0.55,0.55,48.05B,32.06B,7.67B,2011-09,6.239B,1.692B,-144.00M,-144.00M,16.38B,16.65B,15.69B,2.376B,14.14B,2.352B,628.00M,1.954B,12.02B,3.34B,55.14B,106.53B,1.788B,34.11B,16.59B,48.94B,72.42B,32.34B,5.294B,4.91B,8.136B
MRK,2011-06,-2.776B,13.98B,4.284B,2.523B,0.65,0.65,49.45B,31.87B,7.867B,2011-06,6.225B,2.024B,-131.00M,-131.00M,16.67B,16.73B,15.78B,2.461B,13.24B,1.672B,-382.00M,1.936B,12.15B,3.525B,55.50B,106.20B,1.788B,32.37B,15.76B,48.27B,73.83B,32.51B,5.406B,4.493B,8.475B
MRK,2011-03,-3.17B,13.03B,4.059B,2.202B,0.34,0.34,50.11B,31.35B,7.521B,2011-03,6.057B,1.043B,-145.00M,-145.00M,16.83B,17.72B,15.64B,2.199B,13.46B,1.729B,658.00M,2.158B,11.58B,3.164B,54.38B,105.86B,1.788B,31.02B,15.66B,49.03B,74.84B,33.36B,5.322B,4.905B,7.955B
