Ticker,Date,Accrued Comprehensive Inc,Cash and Short Term Investments,Cost of Goods Sold,Current Debt & Capital Lease Obligation,Current Deferred Liabilities,EPS Basic,EPS Diluted,Goodwill and Intangibles,Gross PP&E,Gross Profit,Income (Quarterly),Inventories,Net Income,Net Non-Operating Interest Income Expense,Net Operating Interest Income,Net PP&E,Non-Current Deferred Liabilities,Non-Current Portion of LTD and Capital Lease Obligation,Operating Income,Payables and Accrued Expenses,Pre-Tax Income,Provision for Income Taxes,Revenue,SG&A Expense,Shareholders Equity,Total Assets,Total Capital Stock,Total Current Assets,Total Current Liabilities,Total Liabilities,Total Long Term Assets,Total Long Term Liabilities,Total Operating Expenses,Total Payables,Total Receivables
MRO,2020-12,73.00M,742.00M,822.00M,500.00M,0,-0.4284,-0.43,0,36.00B,0,2020-12,76.00M,-338.00M,-79.00M,-79.00M,15.64B,357.00M,5.404B,-212.00M,966.00M,-341.00M,-3.00M,822.00M,57.00M,10.56B,17.96B,937.00M,1.612B,1.213B,7.395B,16.34B,6.182B,212.00M,966.00M,747.00M
MRO,2020-09,57.00M,1.119B,866.00M,600.00M,0,-0.4,-0.4,0,35.81B,-105.00M,2020-09,77.00M,-317.00M,-62.00M,-62.00M,16.03B,382.00M,5.405B,-234.00M,847.00M,-310.00M,7.00M,761.00M,53.00M,10.89B,18.66B,937.00M,1.922B,1.566B,7.771B,16.74B,6.205B,129.00M,847.00M,643.00M
MRO,2020-06,37.00M,522.00M,831.00M,600.00M,0,-0.95,-0.95,0,35.64B,-341.00M,2020-06,77.00M,-750.00M,-69.00M,-69.00M,16.42B,388.00M,5.503B,-485.00M,849.00M,-765.00M,-15.00M,490.00M,88.00M,11.18B,18.57B,937.00M,1.405B,1.065B,7.392B,17.16B,6.327B,144.00M,849.00M,620.00M
MRO,2020-03,83.00M,817.00M,948.00M,0,0,-0.06,-0.06,0,35.54B,76.00M,2020-03,78.00M,-46.00M,-64.00M,-64.00M,16.90B,405.00M,5.502B,-94.00M,1.244B,-49.00M,-3.00M,1.024B,76.00M,11.96B,19.72B,937.00M,1.909B,1.442B,7.757B,17.81B,6.315B,170.00M,1.244B,703.00M
MRO,2019-12,105.00M,858.00M,928.00M,0,0,-0.0251,-0.03,95.00M,35.00B,305.00M,2019-12,72.00M,-20.00M,-78.00M,-78.00M,17.00B,420.00M,5.501B,91.00M,1.537B,-3.00M,17.00M,1.233B,93.00M,12.15B,20.24B,937.00M,2.135B,1.745B,8.092B,18.11B,6.347B,214.00M,1.537B,1.122B
MRO,2019-09,112.00M,1.165B,923.00M,0,0,0.21,0.21,95.00M,34.08B,326.00M,2019-09,71.00M,165.00M,-64.00M,-64.00M,16.72B,448.00M,4.903B,141.00M,1.552B,175.00M,10.00M,1.249B,82.00M,12.27B,20.37B,937.00M,2.52B,2.379B,8.102B,17.85B,5.723B,185.00M,1.552B,1.148B
MRO,2019-06,50.00M,961.00M,968.00M,0,0,0.2,0.2,95.00M,33.99B,413.00M,2019-06,72.00M,161.00M,-64.00M,-64.00M,16.73B,476.00M,4.902B,221.00M,1.566B,193.00M,32.00M,1.381B,87.00M,12.10B,21.28B,937.00M,2.688B,2.471B,9.181B,18.59B,6.71B,192.00M,1.566B,1.144B
MRO,2019-03,59.00M,1.019B,895.00M,0,0,0.21,0.21,97.00M,34.38B,305.00M,2019-03,83.00M,174.00M,-49.00M,-49.00M,16.71B,509.00M,5.501B,80.00M,1.535B,27.00M,-147.00M,1.20B,94.00M,12.21B,21.41B,937.00M,2.776B,1.858B,9.202B,18.63B,7.344B,225.00M,1.535B,1.086B
MRO,2018-12,63.00M,1.462B,985.00M,0,0,0.4762,0.47,97.00M,38.63B,395.00M,2018-12,96.00M,390.00M,-80.00M,-80.00M,16.80B,478.00M,5.499B,107.00M,1.655B,406.00M,16.00M,1.38B,88.00M,12.13B,21.32B,937.00M,2.921B,1.832B,9.193B,18.40B,7.361B,288.00M,1.655B,1.079B
MRO,2018-09,-21.00M,1.564B,993.00M,0,0,0.3,0.3,97.00M,39.26B,545.00M,2018-09,110.00M,254.00M,-58.00M,-58.00M,16.90B,555.00M,5.498B,302.00M,1.734B,357.00M,103.00M,1.538B,101.00M,12.04B,21.78B,937.00M,3.065B,2.142B,9.734B,18.71B,7.592B,243.00M,1.734B,1.335B
MRO,2018-06,-41.00M,1.667B,943.00M,548.00M,0,0.11,0.11,98.00M,39.22B,504.00M,2018-06,117.00M,96.00M,-65.00M,-65.00M,16.88B,431.00M,5.497B,269.00M,1.636B,140.00M,44.00M,1.447B,105.00M,12.13B,21.87B,937.00M,3.087B,2.044B,9.739B,18.78B,7.695B,235.00M,1.636B,1.176B
MRO,2018-03,-58.00M,1.613B,937.00M,1.541B,0,0.42,0.42,98.00M,38.80B,600.00M,2018-03,110.00M,356.00M,-45.00M,-45.00M,16.93B,418.00M,5.495B,384.00M,1.548B,524.00M,168.00M,1.537B,100.00M,12.03B,21.63B,937.00M,2.902B,1.909B,9.60B,18.73B,7.691B,216.00M,1.548B,1.10B
MRO,2017-12,-62.00M,563.00M,940.00M,686.00M,0,-0.0329,-0.0329,115.00M,39.23B,441.00M,2017-12,126.00M,-28.00M,-144.00M,-144.00M,17.66B,1.05B,5.494B,234.00M,1.68B,132.00M,160.00M,1.381B,95.00M,11.71B,22.01B,937.00M,2.566B,1.968B,10.30B,19.45B,8.336B,207.00M,1.68B,1.83B
MRO,2017-09,-54.00M,1.795B,996.00M,1.00M,0,-0.7,-0.7,115.00M,39.31B,188.00M,2017-09,132.00M,-599.00M,-35.00M,-35.00M,17.64B,1.061B,6.488B,-239.00M,1.574B,-458.00M,141.00M,1.184B,89.00M,11.78B,22.95B,937.00M,3.69B,1.762B,11.17B,19.26B,9.41B,427.00M,1.574B,1.69B
MRO,2017-06,-54.00M,2.614B,919.00M,1.00M,0,-0.16,-0.16,115.00M,39.58B,18.00M,2017-06,140.00M,-139.00M,-86.00M,-86.00M,18.34B,1.05B,6.715B,-147.00M,1.328B,-112.00M,41.00M,937.00M,90.00M,12.40B,24.24B,937.00M,4.424B,2.082B,11.84B,19.82B,9.754B,165.00M,1.328B,1.509B
MRO,2017-03,-48.00M,2.49B,832.00M,1.00M,0,-5.84,-5.84,115.00M,37.22B,75.00M,2017-03,145.00M,-4.957B,-78.00M,-78.00M,16.53B,1.021B,5.723B,-89.00M,1.232B,-16.00M,34.00M,907.00M,97.00M,12.58B,24.54B,937.00M,3.743B,3.099B,11.95B,20.79B,8.854B,164.00M,1.232B,751.00M
MRO,2016-12,-83.00M,2.488B,916.00M,0,0,-1.619,-1.62,115.00M,36.98B,86.00M,2016-12,136.00M,-1.371B,-110.00M,-110.00M,16.73B,994.00M,6.581B,29.00M,1.19B,-46.00M,1.337B,1.002B,-15.00M,17.54B,31.09B,937.00M,3.665B,2.24B,13.55B,27.43B,11.31B,57.00M,1.19B,748.00M
MRO,2016-09,-137.00M,1.953B,945.00M,0,0,-0.23,-0.23,115.00M,47.75B,-84.00M,2016-09,221.00M,-192.00M,-89.00M,-89.00M,25.98B,2.696B,7.277B,-306.00M,1.151B,-313.00M,-107.00M,861.00M,104.00M,18.92B,32.31B,937.00M,3.042B,1.408B,13.39B,29.27B,11.98B,222.00M,1.151B,783.00M
MRO,2016-06,-140.00M,2.584B,859.00M,0,0,-0.2,-0.2,115.00M,47.32B,-98.00M,2016-06,272.00M,-170.00M,-88.00M,-88.00M,25.66B,2.706B,7.28B,-446.00M,1.152B,-192.00M,-54.00M,761.00M,131.00M,19.15B,32.53B,937.00M,3.754B,1.382B,13.37B,28.77B,11.99B,348.00M,1.152B,822.00M
MRO,2016-03,-150.00M,2.072B,885.00M,0,0,-0.56,-0.56,115.00M,49.50B,-273.00M,2016-03,306.00M,-407.00M,-79.00M,-79.00M,26.74B,2.651B,7.28B,-491.00M,1.314B,-613.00M,-253.00M,612.00M,151.00M,19.35B,32.87B,937.00M,3.268B,1.526B,13.52B,29.60B,11.99B,218.00M,1.314B,779.00M
MRO,2015-12,-135.00M,1.221B,269.00M,1.00M,0,-1.17,-1.17,115.00M,50.32B,8.00M,2015-12,313.00M,-793.00M,-142.00M,-142.00M,27.06B,2.749B,7.276B,-326.00M,1.578B,-482.00M,-192.00M,277.00M,124.00M,18.55B,32.31B,770.00M,2.59B,1.729B,13.76B,29.72B,12.03B,334.00M,1.578B,912.00M
MRO,2015-09,-175.00M,2.38B,1.30B,1.035B,0,-1.11,-1.11,552.00M,51.63B,84.00M,2015-09,324.00M,-749.00M,-75.00M,-75.00M,27.92B,2.767B,7.323B,-672.00M,1.527B,-1.145B,-396.00M,1.384B,125.00M,19.34B,34.67B,770.00M,3.858B,2.848B,15.34B,30.82B,12.49B,756.00M,1.527B,991.00M
MRO,2015-06,-172.00M,2.497B,1.464B,1.035B,0,-0.57,-0.57,459.00M,52.52B,26.00M,2015-06,336.00M,-386.00M,-58.00M,-58.00M,29.12B,2.778B,7.321B,-331.00M,1.782B,-392.00M,-6.00M,1.49B,168.00M,20.22B,35.77B,770.00M,4.13B,3.052B,15.55B,31.64B,12.50B,357.00M,1.782B,1.195B
MRO,2015-03,-228.00M,1.126B,1.577B,1.068B,0,-0.41,-0.41,459.00M,51.94B,-93.00M,2015-03,379.00M,-276.00M,-47.00M,-47.00M,29.29B,2.725B,5.326B,-421.00M,2.241B,-420.00M,-144.00M,1.484B,171.00M,20.66B,34.74B,770.00M,2.968B,3.561B,14.08B,31.77B,10.52B,328.00M,2.241B,1.341B
MRO,2014-12,-277.00M,2.398B,1.904B,1.068B,0,1.37,1.37,459.00M,50.92B,494.00M,2014-12,357.00M,926.00M,-102.00M,-102.00M,29.04B,2.774B,5.295B,-240.00M,3.021B,-201.00M,-108.00M,2.398B,168.00M,21.02B,35.98B,770.00M,4.593B,4.379B,14.96B,31.39B,10.58B,734.00M,3.021B,1.729B
MRO,2014-09,-277.00M,761.00M,1.983B,68.00M,0,0.64,0.64,457.00M,49.68B,887.00M,2014-09,379.00M,431.00M,-55.00M,-55.00M,28.66B,2.975B,6.355B,516.00M,2.76B,453.00M,149.00M,2.87B,160.00M,20.23B,36.70B,770.00M,4.204B,4.176B,16.47B,32.50B,12.30B,371.00M,2.76B,2.048B
MRO,2014-06,-278.00M,1.169B,1.957B,68.00M,0,0.8,0.8,457.00M,48.03B,931.00M,2014-06,404.00M,540.00M,-76.00M,-76.00M,27.82B,2.917B,6.362B,538.00M,2.753B,511.00M,151.00M,2.888B,139.00M,19.87B,35.94B,770.00M,4.218B,3.974B,16.07B,31.72B,12.09B,393.00M,2.753B,2.042B
MRO,2014-03,-270.00M,1.964B,1.83B,68.00M,0,1.66,1.65,499.00M,50.76B,860.00M,2014-03,405.00M,1.149B,-49.00M,-49.00M,28.43B,2.918B,6.392B,505.00M,4.038B,598.00M,200.00M,2.69B,187.00M,19.80B,36.15B,770.00M,4.787B,4.314B,16.35B,31.36B,12.03B,355.00M,4.038B,2.222B
MRO,2013-12,-250.00M,264.00M,1.709B,203.00M,0,0.54,0.54,499.00M,50.04B,726.00M,2013-12,364.00M,375.00M,-91.00M,-91.00M,28.14B,2.936B,6.394B,225.00M,3.891B,226.00M,90.00M,2.435B,194.00M,19.34B,35.62B,770.00M,2.975B,4.333B,16.28B,32.64B,11.94B,501.00M,3.891B,2.134B
MRO,2013-09,-322.00M,354.00M,1.975B,268.00M,0,0.8,0.8,499.00M,48.99B,1.025B,2013-09,360.00M,569.00M,-71.00M,-71.00M,27.82B,2.936B,6.433B,710.00M,4.079B,755.00M,359.00M,3.00B,143.00M,18.99B,35.78B,770.00M,3.455B,4.673B,16.78B,32.32B,12.11B,315.00M,4.079B,2.562B
MRO,2013-06,-344.00M,246.00M,1.742B,68.00M,0,0.6,0.6,499.00M,48.10B,1.268B,2013-06,368.00M,426.00M,-67.00M,-67.00M,27.46B,2.813B,6.428B,891.00M,3.686B,804.00M,563.00M,3.01B,159.00M,19.02B,35.05B,770.00M,3.281B,4.008B,16.03B,31.77B,12.02B,377.00M,3.686B,2.443B
MRO,2013-03,-426.00M,768.00M,1.824B,68.00M,0,0.54,0.54,528.00M,48.58B,1.96B,2013-03,368.00M,383.00M,-72.00M,-72.00M,28.38B,2.771B,6.476B,1.241B,4.358B,1.367B,987.00M,3.784B,172.00M,18.59B,35.11B,770.00M,3.777B,4.629B,16.52B,31.33B,11.89B,719.00M,4.358B,2.466B
MRO,2012-12,-433.00M,684.00M,1.276B,384.00M,333.00M,0.46,0.45,525.00M,47.54B,-871.00M,2012-12,361.00M,322.00M,-60.00M,-60.00M,28.27B,2.825B,6.512B,-1.321B,4.524B,-1.387B,-983.00M,405.00M,177.00M,18.28B,35.31B,770.00M,3.762B,5.081B,17.02B,31.54B,11.94B,450.00M,4.524B,2.418B
MRO,2012-09,-421.00M,671.00M,1.967B,2.022B,0,0.64,0.63,525.00M,45.88B,2.069B,2012-09,324.00M,450.00M,-53.00M,-53.00M,27.45B,2.861B,4.518B,1.665B,4.406B,1.729B,1.279B,4.036B,179.00M,18.06B,34.56B,770.00M,4.037B,6.782B,16.49B,30.52B,9.712B,404.00M,4.406B,2.575B
MRO,2012-06,-364.00M,452.00M,1.927B,737.00M,0,0.56,0.56,525.00M,43.78B,1.805B,2012-06,335.00M,393.00M,-57.00M,-57.00M,26.00B,3.011B,4.513B,1.424B,3.623B,1.418B,1.025B,3.732B,154.00M,17.78B,32.25B,770.00M,3.254B,4.691B,14.46B,29.00B,9.774B,381.00M,3.623B,2.064B
MRO,2012-03,-361.00M,513.00M,2.022B,197.00M,0,0.59,0.59,525.00M,42.55B,1.771B,2012-03,296.00M,417.00M,-50.00M,-50.00M,25.36B,2.929B,4.559B,1.409B,4.104B,1.344B,927.00M,3.793B,159.00M,17.50B,31.85B,770.00M,3.445B,4.673B,14.34B,28.41B,9.672B,362.00M,4.104B,2.233B
MRO,2011-12,-370.00M,493.00M,3.286B,141.00M,0,0.78,0.78,536.00M,42.57B,270.00M,2011-12,361.00M,549.00M,-51.00M,-51.00M,25.32B,2.845B,4.674B,1.03B,4.09B,1.235B,675.00M,3.556B,292.00M,17.15B,31.37B,770.00M,3.224B,4.394B,14.21B,28.15B,9.818B,-760.00M,4.09B,1.952B
MRO,2011-09,-328.00M,4.633B,1.786B,338.00M,0,0.64,0.63,537.00M,37.05B,1.89B,2011-09,342.00M,405.00M,-30.00M,-30.00M,20.32B,2.951B,4.705B,1.21B,3.466B,1.303B,898.00M,3.676B,104.00M,16.75B,30.54B,770.00M,7.154B,4.125B,13.78B,23.39B,9.66B,680.00M,3.466B,1.721B
MRO,2011-06,-346.00M,4.711B,1.883B,338.00M,0,1.4,1.39,537.00M,36.38B,1.862B,2011-06,343.00M,996.00M,-13.00M,-13.00M,20.14B,2.929B,4.684B,1.115B,3.491B,915.00M,617.00M,3.745B,130.00M,16.71B,30.49B,770.00M,7.314B,4.161B,13.78B,23.18B,9.622B,747.00M,3.491B,1.843B
MRO,2011-03,-971.00M,5.716B,1.69B,349.00M,0,1.4,1.39,1.376B,52.88B,2.002B,2011-03,3.088B,996.00M,-19.00M,-19.00M,32.19B,3.819B,7.992B,1.172B,10.15B,991.00M,536.00M,3.692B,137.00M,24.70B,51.86B,770.00M,15.78B,11.78B,27.16B,36.09B,15.38B,830.00M,10.15B,6.557B
