Ticker,Date,Accrued Comprehensive Inc,Cash and Short Term Investments,Cost of Goods Sold,Current Debt & Capital Lease Obligation,Current Deferred Liabilities,EPS Basic,EPS Diluted,Goodwill and Intangibles,Gross PP&E,Gross Profit,Income (Quarterly),Net Income,Net Non-Operating Interest Income Expense,Net Operating Interest Income,Net PP&E,Non-Current Deferred Liabilities,Non-Current Portion of LTD and Capital Lease Obligation,Operating Income,Payables and Accrued Expenses,Pre-Tax Income,Provision for Income Taxes,Research and Development Expense,Revenue,SG&A Expense,Shareholders Equity,Total Assets,Total Capital Stock,Total Current Assets,Total Current Liabilities,Total Liabilities,Total Long Term Assets,Total Long Term Liabilities,Total Operating Expenses,Total Payables,Total Receivables
MSCI,2020-12,-58.86M,1.301B,75.94M,0,675.87M,1.89,1.87,1.801B,414.92M,367.73M,2020-12,156.22M,-37.03M,-37.03M,233.78M,12.77M,3.519B,234.08M,184.34M,195.17M,38.95M,27.06M,443.66M,84.53M,-443.23M,4.199B,1.328M,1.926B,1.022B,4.642B,2.273B,3.620B,133.64M,40.45M,558.57M
MSCI,2020-09,-65.30M,1.303B,70.70M,0,531.49M,2.18,2.16,1.803B,412.37M,354.63M,2020-09,182.36M,-37.06M,-37.06M,232.69M,63.84M,3.519B,227.62M,175.76M,189.04M,6.685M,24.90M,425.33M,80.28M,-386.59M,4.112B,1.328M,1.843B,834.85M,4.498B,2.269B,3.663B,127.01M,26.76M,429.80M
MSCI,2020-06,-71.07M,1.385B,70.46M,0,587.11M,1.38,1.36,1.806B,423.31M,339.16M,2020-06,115.12M,-40.46M,-40.46M,241.67M,54.58M,3.521B,215.18M,167.37M,139.17M,24.04M,22.53M,409.62M,79.93M,-310.93M,4.187B,1.328M,1.910B,845.00M,4.498B,2.278B,3.653B,123.98M,37.90M,466.10M
MSCI,2020-03,-72.20M,1.067B,74.61M,0,574.47M,1.75,1.73,1.813B,424.22M,342.17M,2020-03,148.12M,-36.75M,-36.75M,249.98M,58.39M,3.332B,207.88M,161.15M,162.85M,14.72M,26.56M,416.78M,86.38M,-354.33M,3.912B,1.328M,1.620B,798.28M,4.266B,2.292B,3.468B,134.29M,22.35M,481.99M
MSCI,2019-12,-62.58M,1.507B,70.15M,0,574.66M,1.45,1.44,1.824B,425.68M,336.45M,2019-12,122.78M,-34.99M,-34.99M,257.11M,66.64M,3.236B,199.43M,159.86M,146.53M,23.75M,27.10M,406.61M,89.14M,-76.71M,4.204B,1.324M,2.082B,900.79M,4.281B,2.123B,3.380B,137.02M,20.71M,499.27M
MSCI,2019-09,-62.10M,881.15M,70.49M,0,479.37M,1.62,1.6,1.806B,411.43M,323.76M,2019-09,136.98M,-32.25M,-32.25M,251.36M,72.96M,2.742B,201.22M,142.51M,168.75M,31.76M,24.31M,394.25M,78.67M,-147.86M,3.480B,1.323M,1.386B,744.52M,3.628B,2.094B,2.883B,122.55M,14.05M,409.52M
MSCI,2019-06,-57.76M,771.12M,71.98M,0,528.92M,1.48,1.47,1.814B,450.29M,313.58M,2019-06,125.69M,-32.57M,-32.57M,253.81M,77.84M,2.744B,192.38M,147.60M,159.74M,34.06M,23.75M,385.56M,78.04M,-231.80M,3.425B,1.323M,1.323B,766.96M,3.657B,2.102B,2.890B,121.20M,14.20M,438.31M
MSCI,2019-03,-57.20M,642.78M,82.35M,0,524.99M,2.11,2.08,1.822B,446.26M,289.04M,2019-03,178.19M,-31.83M,-31.83M,256.66M,79.60M,2.745B,162.68M,139.93M,128.29M,-49.90M,23.17M,371.38M,83.54M,-316.51M,3.296B,1.323M,1.178B,720.80M,3.612B,2.118B,2.891B,126.36M,12.52M,427.10M
MSCI,2018-12,-58.40M,904.18M,73.76M,0,537.98M,1.75,1.7,1.827B,276.38M,287.93M,2018-12,152.13M,-29.80M,-29.80M,90.88M,82.01M,2.576B,169.82M,133.99M,187.29M,35.16M,20.31M,361.69M,77.86M,-166.49M,3.388B,1.30M,1.435B,809.01M,3.554B,1.953B,2.745B,118.11M,20.14M,473.43M
MSCI,2018-09,-58.21M,1.398B,70.91M,0,441.88M,1.39,1.36,1.834B,261.36M,287.03M,2018-09,123.83M,-29.38M,-29.38M,82.74M,70.63M,2.575B,176.40M,118.11M,146.85M,23.01M,20.59M,357.93M,70.90M,378.44M,3.806B,1.30M,1.857B,675.05M,3.428B,1.949B,2.753B,110.62M,11.78M,378.70M
MSCI,2018-06,-54.88M,1.368B,71.37M,0,483.23M,1.31,1.28,1.855B,263.98M,291.68M,2018-06,116.83M,-27.48M,-27.48M,81.00M,73.55M,2.574B,173.51M,124.77M,156.32M,39.49M,19.80M,363.05M,71.45M,346.42M,3.786B,1.30M,1.819B,685.68M,3.439B,1.966B,2.754B,118.17M,22.93M,394.89M
MSCI,2018-03,-44.34M,849.83M,71.30M,0,503.30M,1.28,1.24,1.879B,263.87M,280.01M,2018-03,115.09M,-26.79M,-26.79M,86.31M,76.77M,2.079B,167.17M,106.63M,139.44M,24.35M,20.71M,351.32M,72.60M,421.37M,3.344B,1.30M,1.348B,655.88M,2.923B,1.996B,2.267B,112.85M,23.53M,462.58M
MSCI,2017-12,-48.35M,889.50M,69.25M,0,374.36M,0.72,0.7,1.882B,265.72M,265.53M,2017-12,64.60M,-26.79M,-26.79M,94.44M,78.03M,2.078B,154.14M,102.15M,126.96M,62.36M,20.71M,334.78M,71.01M,401.01M,3.276B,1.295M,1.267B,607.67M,2.875B,2.009B,2.267B,111.39M,16.44M,327.60M
MSCI,2017-09,-50.08M,799.02M,68.43M,0,374.73M,0.94,0.93,1.888B,250.48M,253.66M,2017-09,85.15M,-27.18M,-27.18M,85.68M,84.43M,2.077B,148.80M,86.21M,120.80M,35.65M,17.97M,322.10M,66.95M,360.31M,3.154B,1.295M,1.153B,563.52M,2.794B,2.001B,2.231B,104.86M,2.385M,309.20M
MSCI,2017-06,-53.36M,750.58M,68.54M,0,399.12M,0.9,0.89,1.891B,244.71M,247.55M,2017-06,81.27M,-27.72M,-27.72M,88.82M,87.42M,2.077B,146.10M,81.17M,117.51M,36.24M,18.20M,316.09M,62.97M,307.20M,3.090B,1.295M,1.083B,552.40M,2.783B,2.007B,2.230B,101.45M,0.329M,289.23M
MSCI,2017-03,-57.86M,696.97M,67.46M,0,378.42M,0.8,0.8,1.896B,239.38M,233.74M,2017-03,72.95M,-28.09M,-28.09M,93.16M,91.84M,2.076B,130.73M,76.10M,101.62M,28.67M,18.97M,301.21M,63.95M,278.84M,3.005B,1.294M,988.65M,496.35M,2.726B,2.016B,2.230B,103.01M,4.893M,262.29M
MSCI,2016-12,-60.74M,791.83M,63.82M,0,334.36M,0.73,0.73,1.903B,232.43M,228.99M,2016-12,68.25M,-28.14M,-28.14M,95.58M,94.07M,2.075B,126.01M,83.10M,97.10M,28.84M,18.96M,292.81M,63.08M,317.60M,3.083B,1.29M,1.056B,536.57M,2.765B,2.027B,2.228B,102.98M,0.568M,221.50M
MSCI,2016-09,-50.90M,974.06M,62.99M,0,343.26M,0.69,0.68,1.917B,232.50M,225.45M,2016-09,65.28M,-25.99M,-25.99M,99.26M,102.50M,2.074B,123.26M,77.08M,97.52M,32.24M,18.75M,288.43M,63.37M,551.52M,3.307B,1.29M,1.262B,516.78M,2.756B,2.045B,2.239B,102.19M,1.249M,235.80M
MSCI,2016-06,-48.16M,404.61M,62.13M,0,365.24M,0.69,0.69,1.929B,223.13M,228.47M,2016-06,66.96M,-22.33M,-22.33M,97.81M,105.01M,1.581B,125.69M,76.55M,100.54M,33.59M,18.57M,290.60M,63.87M,535.15M,2.791B,1.289M,737.06M,509.70M,2.256B,2.054B,1.746B,102.78M,1.732M,247.50M
MSCI,2016-03,-35.74M,445.01M,63.17M,0,359.87M,0.61,0.6,1.945B,214.76M,215.66M,2016-03,60.37M,-22.28M,-22.28M,96.01M,106.00M,1.580B,113.14M,63.40M,90.78M,30.41M,18.93M,278.83M,63.58M,615.66M,2.832B,1.288M,763.81M,468.47M,2.216B,2.068B,1.748B,102.52M,1.514M,260.17M
MSCI,2015-12,-35.74M,777.71M,64.80M,19.78M,317.55M,0.58,0.57,1.957B,213.61M,208.09M,2015-12,59.41M,-22.40M,-22.40M,98.93M,110.94M,1.579B,107.54M,63.94M,85.44M,25.44M,17.78M,272.89M,63.40M,901.49M,3.147B,1.282M,1.063B,498.12M,2.246B,2.084B,1.747B,100.55M,2.512M,208.24M
MSCI,2015-09,-31.32M,993.49M,65.59M,19.78M,328.05M,0.59,0.59,1.963B,206.33M,203.18M,2015-09,64.40M,-16.98M,-16.98M,94.96M,123.01M,1.579B,109.10M,70.06M,99.04M,34.64M,15.55M,268.77M,58.77M,1.119B,3.367B,1.281M,1.286B,490.96M,2.248B,2.080B,1.757B,94.08M,1.806M,208.24M
MSCI,2015-06,-24.86M,455.02M,67.39M,19.78M,338.76M,0.5,0.5,1.976B,199.02M,203.19M,2015-06,56.02M,-10.93M,-10.93M,93.29M,128.37M,800.00M,98.51M,50.00M,87.42M,31.40M,20.81M,270.58M,64.11M,1.434B,2.876B,1.28M,776.78M,458.63M,1.442B,2.099B,983.28M,104.68M,2.17M,214.49M
MSCI,2015-03,-31.57M,537.75M,69.90M,19.77M,344.27M,0.39,0.39,1.979B,196.73M,192.86M,2015-03,43.83M,-10.90M,-10.90M,97.50M,136.79M,800.00M,88.74M,66.16M,77.66M,28.04M,23.19M,262.77M,62.02M,1.456B,2.897B,1.272M,788.63M,451.76M,1.441B,2.108B,989.07M,104.12M,1.139M,184.83M
MSCI,2014-12,-24.97M,508.80M,69.84M,54.13M,310.78M,0.39,0.39,1.999B,186.88M,181.27M,2014-12,44.34M,-15.56M,-15.56M,94.07M,137.84M,788.36M,85.09M,50.73M,70.73M,27.46M,17.24M,251.10M,59.73M,1.433B,2.883B,1.266M,769.46M,472.91M,1.450B,2.113B,976.79M,96.17M,2.835M,178.72M
MSCI,2014-09,-12.28M,448.19M,69.77M,0,321.02M,0.44,0.44,2.012B,186.80M,181.89M,2014-09,51.71M,-5.327M,-5.327M,93.79M,171.68M,773.17M,84.04M,65.99M,80.00M,28.27M,19.02M,251.66M,60.92M,1.397B,2.880B,1.266M,758.59M,498.64M,1.484B,2.122B,985.11M,97.86M,1.695M,191.81M
MSCI,2014-06,-1.543M,683.24M,76.82M,0,323.96M,0.92,0.91,2.016B,187.08M,177.41M,2014-06,107.66M,-5.174M,-5.174M,94.80M,172.24M,778.12M,88.53M,62.58M,84.08M,27.28M,0,254.23M,71.52M,1.667B,3.133B,1.264M,1.007B,475.49M,1.467B,2.126B,991.07M,88.88M,1.859M,213.43M
MSCI,2014-03,-0.021M,260.45M,75.43M,0,314.25M,0.68,0.68,2.010B,157.61M,164.26M,2014-03,80.40M,-4.903M,-4.903M,79.76M,159.14M,783.06M,79.50M,41.79M,73.53M,26.38M,0,239.69M,67.66M,1.564B,3.094B,1.261M,988.86M,546.65M,1.530B,2.105B,983.44M,84.76M,1.542M,191.90M
MSCI,2013-12,-0.65M,358.43M,37.55M,0,319.74M,0.4,0.39,2.409B,160.96M,199.31M,2013-12,47.26M,-6.674M,-6.674M,85.59M,234.65M,788.01M,83.65M,42.41M,76.99M,36.12M,0,236.86M,37.88M,1.564B,3.136B,1.256M,624.27M,503.04M,1.572B,2.512B,1.069B,115.67M,1.198M,169.49M
MSCI,2013-09,-2.701M,283.75M,68.15M,0,334.09M,0.46,0.46,2.405B,147.66M,160.46M,2013-09,55.31M,-5.601M,-5.601M,73.81M,229.88M,753.28M,83.90M,47.70M,77.74M,27.80M,0,228.61M,59.92M,1.522B,3.082B,1.253M,590.10M,531.95M,1.559B,2.491B,1.027B,76.55M,1.319M,179.92M
MSCI,2013-06,-6.775M,334.70M,69.70M,43.12M,347.47M,0.5,0.5,2.409B,132.81M,158.73M,2013-06,61.05M,-6.313M,-6.313M,65.98M,235.07M,775.07M,89.89M,39.44M,83.90M,27.76M,0,228.42M,52.84M,1.556B,3.105B,1.251M,617.52M,496.47M,1.549B,2.488B,1.053B,68.84M,0.979M,160.10M
MSCI,2013-03,-5.723M,263.03M,65.30M,43.11M,350.47M,0.49,0.48,2.431B,127.00M,154.17M,2013-03,58.94M,-6.779M,-6.779M,64.61M,234.50M,785.86M,82.89M,43.72M,74.19M,21.23M,0,219.47M,55.52M,1.489B,3.032B,1.249M,523.33M,482.85M,1.543B,2.509B,1.060B,71.28M,1.138M,166.92M
MSCI,2012-12,-2.796M,254.21M,16.40M,43.09M,308.02M,0.44,0.44,2.424B,126.50M,107.53M,2012-12,54.45M,-7.164M,-7.164M,67.42M,234.24M,811.62M,66.62M,45.47M,59.71M,24.70M,0,123.93M,35.89M,1.425B,3.020B,1.24M,514.84M,509.94M,1.594B,2.505B,1.084B,40.91M,2.985M,153.56M
MSCI,2012-09,-2.357M,434.34M,68.35M,43.08M,323.50M,0.39,0.39,2.306B,131.73M,167.09M,2012-09,48.27M,-7.062M,-7.062M,64.01M,226.80M,822.40M,83.53M,43.27M,75.59M,27.32M,0,235.44M,62.97M,1.468B,3.053B,1.236M,670.78M,493.50M,1.585B,2.382B,1.092B,83.56M,1.694M,124.31M
MSCI,2012-06,-4.176M,359.77M,73.24M,43.07M,333.89M,0.31,0.3,2.322B,118.77M,165.32M,2012-06,37.55M,-29.34M,-29.34M,54.79M,230.23M,833.18M,87.10M,49.70M,57.26M,19.72M,0,238.56M,57.60M,1.410B,2.995B,1.233M,605.10M,483.83M,1.585B,2.390B,1.101B,78.22M,0.657M,136.07M
MSCI,2012-03,-2.954M,460.18M,72.29M,10.34M,330.05M,0.36,0.35,2.338B,105.39M,156.76M,2012-03,43.97M,-12.13M,-12.13M,39.71M,235.43M,1.064B,80.95M,48.60M,68.24M,24.27M,0,229.05M,55.44M,1.365B,3.113B,1.231M,713.13M,421.19M,1.748B,2.400B,1.327B,75.81M,0.166M,172.18M
MSCI,2011-12,-5.094M,392.70M,69.12M,10.34M,289.22M,0.37,0.36,2.353B,97.71M,157.01M,2011-12,44.49M,-12.93M,-12.93M,37.62M,240.46M,1.067B,81.76M,45.74M,70.13M,25.64M,0,226.13M,54.51M,1.305B,3.093B,1.227M,677.94M,452.80M,1.788B,2.415B,1.335B,75.26M,0.239M,180.57M
MSCI,2011-09,-4.355M,364.33M,68.97M,10.33M,291.04M,0.41,0.4,2.370B,93.94M,156.06M,2011-09,49.79M,-12.93M,-12.93M,36.91M,236.37M,1.104B,81.24M,47.50M,70.30M,20.51M,0,225.03M,53.72M,1.262B,3.064B,1.217M,632.44M,433.89M,1.802B,2.432B,1.368B,74.82M,0.431M,166.95M
MSCI,2011-06,0.089M,287.06M,68.84M,10.33M,296.79M,0.38,0.37,2.386B,91.07M,157.64M,2011-06,45.66M,-12.67M,-12.67M,36.08M,241.54M,1.107B,82.73M,54.98M,69.64M,23.98M,0,226.48M,53.32M,1.209B,3.010B,1.216M,561.32M,423.57M,1.801B,2.448B,1.377B,74.91M,0.625M,177.19M
MSCI,2011-03,0.289M,177.80M,70.22M,10.33M,284.12M,0.28,0.27,2.401B,81.19M,153.08M,2011-03,33.52M,-16.44M,-16.44M,33.06M,246.90M,1.109B,79.86M,46.98M,53.34M,19.82M,0,223.30M,51.42M,1.150B,2.910B,1.212M,448.97M,378.02M,1.760B,2.462B,1.382B,73.22M,0.471M,185.71M
