Ticker,Date,Accrued Comprehensive Inc,Cash and Short Term Investments,Cost of Goods Sold,Current Debt & Capital Lease Obligation,Current Deferred Liabilities,EPS Basic,EPS Diluted,Goodwill and Intangibles,Gross PP&E,Gross Profit,Income (Quarterly),Inventories,Net Income,Net Non-Operating Interest Income Expense,Net Operating Interest Income,Net PP&E,Non-Current Deferred Liabilities,Non-Current Portion of LTD and Capital Lease Obligation,Operating Income,Payables and Accrued Expenses,Pre-Tax Income,Provision for Income Taxes,Research and Development Expense,Revenue,SG&A Expense,Shareholders Equity,Total Assets,Total Capital Stock,Total Current Assets,Total Current Liabilities,Total Liabilities,Total Long Term Assets,Total Long Term Liabilities,Total Operating Expenses,Total Payables,Total Receivables
MSFT,2020-12,3.367B,131.97B,14.19B,5.387B,30.40B,2.05,2.03,50.77B,109.75B,28.88B,2020-12,1.924B,15.46B,-26.00M,-26.00M,62.04B,3.159B,64.01B,17.90B,14.33B,18.34B,2.874B,4.899B,43.08B,6.086B,130.24B,304.14B,81.90B,173.97B,67.49B,173.90B,130.16B,106.42B,10.98B,14.33B,27.31B
MSFT,2020-09,3.11B,137.98B,11.00B,6.497B,33.48B,1.84,1.82,50.81B,102.39B,26.15B,2020-09,2.705B,13.89B,-589.00M,-589.00M,56.97B,3.016B,64.81B,15.88B,14.89B,16.12B,2.231B,4.926B,37.15B,5.35B,123.39B,301.00B,81.09B,177.08B,70.06B,177.61B,123.92B,107.55B,10.28B,14.89B,22.85B
MSFT,2020-06,3.186B,136.53B,12.34B,3.749B,36.00B,1.48,1.46,50.39B,96.10B,25.69B,2020-06,1.895B,11.20B,-686.00M,-686.00M,52.90B,3.384B,67.25B,13.41B,14.66B,13.42B,2.22B,5.214B,38.03B,7.073B,118.30B,301.31B,80.55B,181.92B,72.31B,183.01B,119.40B,110.70B,12.29B,14.66B,32.01B
MSFT,2020-03,2.676B,137.63B,10.98B,3.748B,27.01B,1.41,1.4,48.92B,91.18B,24.05B,2020-03,1.644B,10.75B,-614.00M,-614.00M,49.67B,3.57B,70.11B,12.98B,12.54B,12.84B,2.091B,4.887B,35.02B,6.184B,114.50B,285.45B,79.81B,170.50B,58.71B,170.95B,114.94B,112.24B,11.07B,12.54B,22.70B
MSFT,2019-12,-255.00M,134.25B,12.36B,6.247B,27.34B,1.53,1.51,49.37B,88.56B,24.55B,2019-12,1.823B,11.65B,34.00M,34.00M,48.96B,4.10B,70.53B,13.89B,11.50B,14.08B,2.436B,4.603B,36.91B,6.054B,110.11B,282.79B,79.62B,167.07B,59.64B,172.68B,115.72B,113.04B,10.66B,11.50B,23.52B
MSFT,2019-09,-61.00M,136.64B,10.41B,3.017B,29.90B,1.4,1.38,49.62B,83.27B,22.65B,2019-09,2.622B,10.68B,-637.00M,-637.00M,46.30B,4.356B,73.14B,12.69B,12.01B,12.69B,2.008B,4.565B,33.06B,5.398B,106.06B,278.96B,78.88B,165.90B,58.12B,172.89B,113.06B,114.78B,9.963B,12.01B,19.09B
MSFT,2019-06,-340.00M,133.82B,10.41B,5.516B,32.68B,1.72,1.71,49.78B,79.19B,23.30B,2019-06,2.063B,13.19B,-669.00M,-669.00M,43.86B,4.763B,72.85B,12.40B,15.05B,12.60B,-591.00M,4.513B,33.72B,6.387B,102.33B,286.56B,78.52B,175.55B,69.42B,184.23B,111.00B,114.81B,10.90B,15.05B,29.52B
MSFT,2019-03,-1.265B,131.62B,10.17B,6.515B,24.25B,1.15,1.14,49.96B,76.20B,20.40B,2019-03,1.951B,8.809B,-671.00M,-671.00M,40.77B,5.722B,72.56B,10.34B,9.494B,10.49B,1.677B,4.316B,30.57B,5.744B,94.86B,263.28B,77.79B,159.89B,53.86B,168.42B,103.39B,114.56B,10.06B,9.494B,19.27B
MSFT,2018-12,-2.013B,127.66B,12.42B,3.516B,24.28B,1.09,1.08,50.06B,72.60B,20.05B,2018-12,1.961B,8.42B,-672.00M,-672.00M,39.52B,5.861B,75.34B,10.26B,9.596B,10.38B,1.965B,4.07B,32.47B,5.72B,92.13B,258.86B,77.56B,156.87B,50.32B,166.73B,101.98B,116.41B,9.79B,9.596B,19.68B
MSFT,2018-09,-2.615B,135.88B,9.905B,6.497B,26.70B,1.15,1.14,43.43B,69.12B,19.18B,2018-09,3.614B,8.824B,-674.00M,-674.00M,38.16B,5.515B,75.38B,9.955B,10.85B,10.22B,1.397B,3.977B,29.08B,5.247B,85.97B,257.62B,71.30B,164.20B,56.28B,171.65B,93.42B,115.38B,9.224B,10.85B,17.39B
MSFT,2018-06,-2.187B,133.77B,9.742B,3.998B,28.90B,1.15,1.14,43.74B,65.37B,20.34B,2018-06,2.662B,8.873B,-672.00M,-672.00M,36.15B,4.356B,77.81B,10.38B,10.74B,10.68B,1.807B,3.933B,30.08B,6.031B,82.72B,258.85B,71.22B,169.66B,58.49B,176.13B,89.19B,117.64B,9.964B,10.74B,26.48B
MSFT,2018-03,-1.153B,132.27B,9.269B,3.677B,21.37B,0.96,0.95,44.13B,63.16B,17.55B,2018-03,2.084B,7.424B,-691.00M,-691.00M,34.79B,5.002B,79.23B,8.292B,8.437B,8.641B,1.217B,3.715B,26.82B,5.543B,79.24B,245.50B,70.42B,156.66B,46.13B,166.26B,88.84B,120.12B,9.258B,8.437B,17.21B
MSFT,2017-12,-399.00M,142.78B,11.06B,15.91B,21.31B,-0.82,-0.82,44.39B,59.90B,17.85B,2017-12,2.003B,-6.302B,-698.00M,-698.00M,33.05B,5.686B,78.99B,8.679B,8.664B,9.169B,15.47B,3.504B,28.92B,5.671B,78.36B,256.00B,70.19B,167.63B,58.10B,177.64B,88.37B,119.54B,9.175B,8.664B,18.43B
MSFT,2017-09,526.00M,138.47B,8.278B,9.22B,22.78B,0.85,0.84,44.99B,57.18B,16.26B,2017-09,3.211B,6.576B,-672.00M,-672.00M,31.65B,7.639B,82.02B,7.708B,7.989B,7.984B,1.408B,3.574B,24.54B,4.978B,89.65B,249.10B,69.42B,161.03B,51.62B,159.45B,88.07B,107.84B,8.552B,7.989B,14.56B
MSFT,2017-06,627.00M,132.98B,8.456B,10.12B,24.01B,0.84,0.83,45.23B,54.47B,17.15B,2017-06,2.181B,8.069B,-655.00M,-655.00M,30.29B,8.377B,81.44B,7.988B,8.108B,7.958B,-111.00M,3.514B,25.60B,5.647B,87.71B,250.31B,69.32B,162.70B,55.74B,162.60B,87.62B,106.86B,9.161B,8.108B,22.43B
MSFT,2017-03,644.00M,126.02B,8.06B,7.786B,26.52B,0.71,0.7,45.22B,44.95B,15.15B,2017-03,1.979B,5.486B,-609.00M,-609.00M,21.96B,9.68B,76.22B,6.723B,7.072B,7.094B,1.608B,3.355B,23.21B,5.074B,69.73B,225.02B,68.55B,146.31B,52.00B,155.29B,78.70B,103.28B,8.429B,7.072B,12.88B
MSFT,2016-12,512.00M,122.78B,9.901B,25.66B,26.08B,0.81,0.8,45.52B,43.27B,15.92B,2016-12,1.961B,6.267B,-521.00M,-521.00M,21.38B,9.728B,59.31B,7.905B,8.368B,8.022B,1.755B,3.062B,25.83B,4.958B,68.81B,224.61B,68.18B,144.95B,70.79B,155.80B,79.66B,85.01B,8.02B,8.368B,14.34B
MSFT,2016-09,1.681B,136.93B,7.844B,14.54B,26.30B,0.73,0.72,21.43B,40.11B,14.08B,2016-09,3.122B,5.667B,-437.00M,-437.00M,19.22B,8.848B,60.15B,6.715B,7.226B,6.827B,1.16B,3.106B,21.93B,4.263B,70.37B,212.52B,67.75B,157.91B,58.81B,142.15B,54.62B,83.34B,7.369B,7.226B,11.13B
MSFT,2016-06,1.537B,113.24B,7.979B,12.90B,27.47B,0.4,0.39,21.60B,38.16B,18.47B,2016-06,2.251B,6.863B,-345.00M,-345.00M,18.36B,7.917B,40.56B,10.09B,7.772B,9.235B,2.372B,3.146B,26.45B,5.237B,72.00B,193.47B,68.18B,139.66B,59.36B,121.47B,53.81B,62.11B,8.383B,7.772B,18.28B
MSFT,2016-03,1.84B,105.55B,7.722B,5.498B,20.88B,0.48,0.47,22.41B,35.72B,12.81B,2016-03,2.45B,3.756B,-340.00M,-340.00M,16.83B,7.691B,40.90B,5.283B,7.817B,5.036B,1.28B,2.98B,20.53B,4.546B,74.81B,181.87B,68.01B,128.42B,44.35B,107.06B,53.45B,62.71B,7.526B,7.817B,12.25B
MSFT,2015-12,1.773B,102.64B,9.872B,3.75B,20.93B,0.63,0.62,22.06B,33.80B,13.92B,2015-12,2.702B,5.018B,-309.00M,-309.00M,15.79B,6.296B,40.68B,6.026B,7.868B,5.855B,837.00M,2.90B,23.80B,4.998B,76.78B,180.10B,68.28B,127.81B,42.64B,103.32B,52.29B,60.68B,7.898B,7.868B,14.51B
MSFT,2015-09,1.738B,99.36B,7.207B,10.75B,21.60B,0.61,0.61,21.89B,33.06B,13.17B,2015-09,3.816B,4.902B,-249.00M,-249.00M,15.05B,4.953B,27.82B,5.793B,7.391B,5.513B,611.00M,2.962B,20.38B,4.417B,77.44B,172.90B,68.09B,121.66B,49.40B,95.45B,51.24B,46.05B,7.379B,7.391B,11.44B
MSFT,2015-06,2.522B,96.53B,7.468B,7.484B,23.22B,-0.4,-0.4,21.77B,32.34B,14.71B,2015-06,2.902B,-3.195B,-247.00M,-247.00M,14.73B,3.39B,27.81B,6.385B,7.289B,-1.756B,1.439B,3.094B,22.18B,5.233B,80.08B,174.47B,68.46B,122.80B,49.65B,94.39B,51.68B,44.74B,8.327B,7.289B,17.91B
MSFT,2015-03,3.471B,95.44B,7.161B,4.224B,18.23B,0.61,0.61,28.69B,31.21B,14.57B,2015-03,2.469B,4.985B,-211.00M,-211.00M,14.38B,4.885B,27.64B,6.784B,7.544B,6.517B,1.532B,2.984B,21.73B,4.80B,90.13B,176.68B,68.48B,118.40B,40.75B,86.55B,58.28B,45.80B,7.784B,7.544B,12.43B
MSFT,2014-12,3.383B,90.25B,10.14B,10.05B,19.19B,0.71,0.71,29.15B,29.80B,16.33B,2014-12,2.053B,5.863B,-162.00M,-162.00M,13.61B,4.871B,18.26B,8.019B,8.073B,7.85B,1.987B,2.903B,26.47B,5.412B,91.88B,174.85B,68.76B,116.36B,47.42B,82.97B,58.49B,35.55B,8.315B,8.073B,16.19B
MSFT,2014-09,3.757B,89.19B,8.273B,5.248B,20.71B,0.55,0.54,26.77B,28.60B,14.93B,2014-09,3.141B,4.54B,-161.00M,-161.00M,13.23B,4.539B,18.47B,6.984B,7.863B,5.896B,1.356B,3.065B,23.20B,4.879B,90.17B,169.66B,68.36B,112.44B,44.69B,79.49B,57.22B,34.79B,7.944B,7.863B,12.89B
MSFT,2014-06,3.708B,85.71B,7.633B,2.00B,23.15B,0.56,0.55,27.11B,27.80B,15.75B,2014-06,2.66B,4.612B,-169.00M,-169.00M,13.01B,4.736B,20.64B,6.609B,8.772B,6.577B,1.965B,3.123B,23.38B,6.017B,89.78B,172.38B,68.37B,114.25B,45.62B,82.60B,58.14B,36.98B,9.14B,8.772B,19.54B
MSFT,2014-03,3.332B,88.42B,5.978B,2.00B,17.67B,0.68,0.68,17.65B,26.21B,14.42B,2014-03,1.92B,5.66B,-175.00M,-175.00M,11.77B,4.16B,20.68B,6.974B,6.071B,6.957B,1.297B,2.743B,20.40B,4.708B,87.42B,156.12B,67.80B,109.01B,33.90B,68.70B,47.11B,34.79B,7.451B,6.071B,13.50B
MSFT,2013-12,3.277B,83.94B,8.322B,2.30B,17.62B,0.79,0.78,17.62B,25.25B,16.20B,2013-12,1.594B,6.558B,-135.00M,-135.00M,11.57B,4.235B,20.68B,7.969B,6.737B,7.878B,1.32B,2.748B,24.52B,5.48B,85.10B,153.54B,67.48B,106.87B,33.74B,68.44B,46.67B,34.70B,8.228B,6.737B,15.99B
MSFT,2013-09,2.731B,80.67B,5.145B,3.30B,18.58B,0.63,0.62,17.65B,23.81B,13.38B,2013-09,2.613B,5.244B,-118.00M,-118.00M,10.77B,3.865B,12.63B,6.334B,6.257B,6.408B,1.164B,2.767B,18.53B,4.283B,81.64B,142.35B,67.23B,99.45B,34.62B,60.71B,42.90B,26.08B,7.05B,6.257B,11.01B
MSFT,2013-06,1.743B,77.02B,5.738B,2.999B,20.64B,0.59,0.59,17.74B,22.50B,14.16B,2013-06,1.938B,4.965B,-120.00M,-120.00M,9.991B,3.469B,12.60B,6.073B,6.065B,6.145B,1.18B,2.783B,19.90B,5.302B,78.94B,142.43B,67.31B,101.47B,37.42B,63.49B,40.96B,26.07B,8.085B,6.065B,17.49B
MSFT,2013-03,2.205B,74.48B,4.787B,2.246B,16.51B,0.72,0.72,17.92B,21.45B,15.70B,2013-03,2.133B,6.055B,-109.00M,-109.00M,9.204B,3.818B,11.95B,7.612B,5.785B,7.603B,1.548B,2.64B,20.49B,5.45B,76.69B,134.10B,66.83B,93.52B,31.93B,57.42B,40.58B,25.49B,8.09B,5.785B,11.99B
MSFT,2012-12,2.006B,68.31B,5.692B,2.241B,18.35B,0.76,0.76,18.07B,20.47B,15.76B,2012-12,1.661B,6.377B,-105.00M,-105.00M,8.698B,3.853B,11.95B,7.771B,5.007B,7.77B,1.393B,2.528B,21.46B,5.465B,72.58B,128.68B,66.33B,89.57B,31.91B,56.11B,39.11B,24.20B,7.993B,5.007B,14.32B
MSFT,2012-09,1.82B,66.64B,4.168B,2.236B,18.30B,0.53,0.53,17.89B,19.73B,11.84B,2012-09,1.624B,4.466B,-95.00M,-95.00M,8.329B,3.501B,9.714B,5.308B,4.893B,5.534B,1.068B,2.46B,16.01B,4.072B,68.84B,121.88B,66.08B,84.05B,31.40B,53.04B,37.82B,21.64B,6.532B,4.893B,9.871B
MSFT,2012-06,1.422B,63.04B,4.163B,1.231B,18.65B,-0.06,-0.06,16.62B,19.23B,13.90B,2012-06,1.137B,-492.00M,-96.00M,-96.00M,8.269B,3.299B,10.71B,6.385B,5.778B,359.00M,851.00M,2.594B,18.06B,4.917B,66.36B,121.27B,65.80B,85.08B,32.69B,54.91B,36.19B,22.22B,7.511B,5.778B,15.78B
MSFT,2012-03,0,59.53B,3.952B,0,13.93B,0.61,0.6,22.45B,19.18B,13.46B,2012-03,1.412B,5.108B,-95.00M,-95.00M,8.225B,2.718B,11.94B,6.374B,9.23B,6.363B,1.255B,2.517B,17.41B,4.564B,68.66B,118.01B,65.27B,76.86B,26.17B,49.35B,41.15B,23.18B,7.081B,5.958B,10.96B
MSFT,2011-12,0,51.74B,5.638B,0,13.98B,0.79,0.78,22.25B,18.56B,15.25B,2011-12,1.351B,6.624B,-95.00M,-95.00M,8.01B,2.431B,11.93B,7.994B,5.654B,8.239B,1.615B,2.371B,20.88B,4.882B,64.12B,112.24B,63.90B,72.51B,25.37B,48.12B,39.73B,22.75B,7.253B,5.654B,13.64B
MSFT,2011-09,0,57.40B,3.777B,0,14.34B,0.68,0.68,13.56B,18.24B,13.60B,2011-09,2.27B,5.738B,-94.00M,-94.00M,8.033B,2.353B,11.93B,7.203B,5.565B,7.306B,1.568B,2.329B,17.37B,4.063B,59.39B,107.42B,63.49B,75.27B,25.54B,48.02B,32.14B,22.48B,6.392B,5.565B,10.15B
MSFT,2011-06,0,52.77B,3.708B,0,15.72B,0.7,0.68,13.32B,17.99B,13.66B,2011-06,1.372B,5.874B,0,0,8.162B,2.854B,11.92B,6.171B,5.985B,6.319B,445.00M,2.393B,17.37B,5.095B,57.08B,108.70B,63.42B,74.92B,28.77B,51.62B,33.79B,22.85B,7.488B,5.985B,14.99B
MSFT,2011-03,0,50.15B,3.897B,0,11.89B,0.62,0.61,13.39B,17.53B,12.53B,2011-03,1.056B,5.232B,0,0,7.969B,2.317B,11.92B,5.709B,5.913B,6.025B,793.00M,2.269B,16.43B,4.553B,53.45B,99.73B,63.23B,66.26B,24.04B,46.28B,33.46B,22.23B,6.822B,5.913B,10.03B
