Ticker,Date,Accrued Comprehensive Inc,Cash and Short Term Investments,Cost of Goods Sold,Current Debt & Capital Lease Obligation,Current Deferred Liabilities,EPS Basic,EPS Diluted,Goodwill and Intangibles,Gross PP&E,Gross Profit,Income (Quarterly),Inventories,Net Income,Net Non-Operating Interest Income Expense,Net Operating Interest Income,Net PP&E,Non-Current Deferred Liabilities,Non-Current Portion of LTD and Capital Lease Obligation,Operating Income,Payables and Accrued Expenses,Pre-Tax Income,Provision for Income Taxes,Research and Development Expense,Revenue,SG&A Expense,Shareholders Equity,Total Assets,Total Capital Stock,Total Current Assets,Total Current Liabilities,Total Liabilities,Total Long Term Assets,Total Long Term Liabilities,Total Operating Expenses,Total Payables,Total Receivables
MSI,2020-12,-2.446B,1.254B,1.127B,138.00M,1.554B,2.43,2.37,3.453B,3.189B,1.146B,2020-12,508.00M,412.00M,-53.00M,-53.00M,1.49B,463.00M,5.565B,566.00M,1.506B,522.00M,109.00M,181.00M,2.273B,342.00M,-558.00M,10.88B,2.00M,4.327B,3.489B,11.42B,6.549B,7.928B,580.00M,1.043B,2.398B
MSI,2020-09,-2.433B,1.007B,959.00M,335.00M,1.359B,1.21,1.18,3.475B,3.062B,909.00M,2020-09,489.00M,205.00M,-58.00M,-58.00M,1.448B,445.00M,5.563B,367.00M,1.352B,251.00M,45.00M,175.00M,1.868B,313.00M,-756.00M,10.36B,2.00M,3.971B,3.312B,11.10B,6.39B,7.789B,542.00M,847.00M,2.314B
MSI,2020-06,-2.475B,1.341B,852.00M,640.00M,1.294B,0.79,0.78,3.365B,2.971B,766.00M,2020-06,449.00M,135.00M,-58.00M,-58.00M,1.427B,438.00M,5.496B,257.00M,1.353B,176.00M,40.00M,161.00M,1.618B,297.00M,-830.00M,10.37B,2.00M,4.086B,3.48B,11.19B,6.288B,7.709B,509.00M,819.00M,2.141B
MSI,2020-03,-2.566B,1.672B,868.00M,933.00M,1.278B,1.15,1.12,3.317B,2.903B,787.00M,2020-03,442.00M,197.00M,-52.00M,-52.00M,1.453B,435.00M,5.569B,225.00M,1.307B,224.00M,26.00M,168.00M,1.655B,341.00M,-948.00M,10.72B,2.00M,4.481B,3.879B,11.65B,6.235B,7.767B,562.00M,832.00M,2.08B
MSI,2019-12,-2.44B,1.001B,1.156B,138.00M,1.449B,1.43,1.39,3.394B,3.03B,1.22B,2019-12,447.00M,243.00M,-55.00M,-55.00M,1.546B,458.00M,5.61B,616.00M,1.505B,193.00M,-50.00M,182.00M,2.376B,368.00M,-700.00M,10.64B,2.00M,4.178B,3.439B,11.32B,6.464B,7.886B,604.00M,984.00M,2.559B
MSI,2019-09,-2.759B,1.138B,987.00M,735.00M,1.223B,1.6,1.51,3.337B,2.941B,1.007B,2019-09,460.00M,267.00M,-54.00M,-54.00M,1.524B,425.00M,5.611B,424.00M,1.385B,348.00M,80.00M,172.00M,1.994B,359.00M,-1.101B,10.37B,2.00M,4.154B,3.656B,11.46B,6.219B,7.801B,583.00M,897.00M,2.355B
MSI,2019-06,-2.737B,953.00M,929.00M,146.00M,1.187B,1.25,1.18,3.184B,2.892B,931.00M,2019-06,424.00M,207.00M,-56.00M,-56.00M,1.507B,443.00M,5.819B,358.00M,1.319B,275.00M,67.00M,170.00M,1.86B,351.00M,-970.00M,9.974B,2.00M,3.831B,2.876B,10.93B,6.143B,8.052B,573.00M,875.00M,2.262B
MSI,2019-03,-2.724B,886.00M,884.00M,144.00M,1.158B,0.92,0.86,3.276B,2.878B,773.00M,2019-03,425.00M,151.00M,-55.00M,-55.00M,1.53B,461.00M,5.84B,234.00M,1.341B,185.00M,33.00M,162.00M,1.657B,327.00M,-1.108B,9.993B,2.00M,3.714B,2.979B,11.08B,6.279B,8.104B,539.00M,907.00M,2.201B
MSI,2018-12,-2.765B,1.257B,1.166B,31.00M,1.263B,2.58,2.44,2.744B,2.258B,1.088B,2018-12,356.00M,422.00M,-59.00M,-59.00M,895.00M,415.00M,5.289B,539.00M,1.478B,465.00M,42.00M,165.00M,2.254B,336.00M,-1.293B,9.409B,2.00M,4.272B,3.096B,10.68B,5.137B,7.589B,549.00M,981.00M,2.473B
MSI,2018-09,-2.571B,839.00M,961.00M,337.00M,1.211B,1.52,1.43,2.838B,2.59B,901.00M,2018-09,367.00M,247.00M,-59.00M,-59.00M,892.00M,393.00M,5.095B,317.00M,1.292B,270.00M,22.00M,158.00M,1.862B,323.00M,-1.411B,8.963B,2.00M,3.664B,3.088B,10.36B,5.299B,7.27B,584.00M,833.00M,2.272B
MSI,2018-06,-2.58B,878.00M,938.00M,347.00M,1.132B,1.11,1.05,2.868B,2.555B,822.00M,2018-06,391.00M,180.00M,-58.00M,-58.00M,895.00M,420.00M,5.298B,291.00M,1.247B,227.00M,46.00M,162.00M,1.76B,316.00M,-1.507B,8.881B,2.00M,3.581B,2.922B,10.37B,5.30B,7.451B,531.00M,769.00M,2.069B
MSI,2018-03,-2.508B,795.00M,799.00M,492.00M,1.157B,0.73,0.69,2.971B,2.546B,669.00M,2018-03,441.00M,117.00M,-46.00M,-46.00M,900.00M,415.00M,5.304B,197.00M,1.234B,140.00M,23.00M,152.00M,1.468B,279.00M,-1.554B,9.051B,2.00M,3.621B,3.096B,10.59B,5.43B,7.494B,472.00M,752.00M,2.136B
MSI,2017-12,-2.562B,1.205B,987.00M,52.00M,1.124B,-3.56,-3.56,1.799B,2.449B,970.00M,2017-12,327.00M,-575.00M,-47.00M,-47.00M,856.00M,284.00M,4.419B,510.00M,1.482B,466.00M,1.039B,155.00M,1.957B,265.00M,-1.742B,8.208B,2.00M,3.95B,2.931B,9.935B,4.258B,7.004B,460.00M,935.00M,2.224B
MSI,2017-09,-2.126B,653.00M,851.00M,47.00M,877.00M,1.3,1.25,1.828B,2.446B,794.00M,2017-09,364.00M,212.00M,-52.00M,-52.00M,889.00M,382.00M,4.423B,355.00M,1.407B,286.00M,73.00M,141.00M,1.645B,259.00M,-830.00M,8.618B,2.00M,3.336B,2.563B,9.436B,5.282B,6.873B,439.00M,871.00M,2.121B
MSI,2017-06,-2.199B,792.00M,807.00M,46.00M,814.00M,0.8,0.78,1.617B,2.355B,690.00M,2017-06,391.00M,131.00M,-51.00M,-51.00M,859.00M,381.00M,4.421B,261.00M,1.379B,205.00M,73.00M,138.00M,1.497B,254.00M,-988.00M,8.295B,2.00M,3.211B,2.41B,9.271B,5.084B,6.861B,429.00M,824.00M,1.85B
MSI,2017-03,-2.264B,811.00M,711.00M,44.00M,864.00M,0.47,0.45,1.615B,2.327B,570.00M,2017-03,345.00M,77.00M,-51.00M,-51.00M,820.00M,329.00M,4.414B,155.00M,1.301B,120.00M,42.00M,135.00M,1.281B,244.00M,-1.05B,8.14B,2.00M,3.073B,2.385B,9.177B,5.067B,6.792B,415.00M,757.00M,1.714B
MSI,2016-12,-2.317B,1.013B,955.00M,4.00M,873.00M,1.47,1.43,1.549B,2.239B,928.00M,2016-12,273.00M,243.00M,-48.00M,-48.00M,789.00M,308.00M,4.392B,434.00M,1.541B,362.00M,118.00M,142.00M,1.883B,322.00M,-964.00M,8.463B,2.00M,3.468B,2.668B,9.415B,4.995B,6.747B,494.00M,921.00M,1.976B
MSI,2016-09,-1.931B,1.732B,770.00M,5.00M,733.00M,1.15,1.13,1.366B,2.227B,762.00M,2016-09,283.00M,192.00M,-54.00M,-54.00M,780.00M,321.00M,5.044B,347.00M,1.227B,293.00M,100.00M,137.00M,1.532B,247.00M,-659.00M,8.619B,2.00M,3.804B,2.161B,9.267B,4.815B,7.106B,415.00M,705.00M,1.677B
MSI,2016-06,-1.888B,1.592B,754.00M,5.00M,652.00M,0.62,0.61,1.421B,2.456B,676.00M,2016-06,284.00M,107.00M,-54.00M,-54.00M,778.00M,347.00M,5.028B,260.00M,1.222B,167.00M,59.00M,138.00M,1.43B,240.00M,-689.00M,8.467B,2.00M,3.547B,2.045B,9.145B,4.92B,7.10B,416.00M,681.00M,1.54B
MSI,2016-03,-1.845B,1.987B,691.00M,4.00M,700.00M,0.1,0.1,1.259B,2.647B,502.00M,2016-03,287.00M,17.00M,-49.00M,-49.00M,997.00M,336.00M,5.023B,120.00M,1.161B,22.00M,5.00M,135.00M,1.193B,234.00M,-147.00M,9.049B,2.00M,4.001B,2.032B,9.186B,5.048B,7.154B,382.00M,678.00M,1.582B
MSI,2015-12,-1.866B,2.418B,844.00M,4.00M,727.00M,1.6,1.57,469.00M,2.125B,838.00M,2015-12,296.00M,279.00M,-51.00M,-51.00M,487.00M,125.00M,4.345B,432.00M,1.221B,377.00M,99.00M,152.00M,1.682B,252.00M,-106.00M,8.346B,2.00M,4.619B,2.193B,8.442B,3.727B,6.249B,406.00M,772.00M,1.78B
MSI,2015-09,-2.006B,2.20B,737.00M,4.00M,720.00M,0.58,0.57,473.00M,2.082B,685.00M,2015-09,334.00M,115.00M,-43.00M,-43.00M,467.00M,116.00M,4.386B,271.00M,1.089B,197.00M,71.00M,153.00M,1.422B,259.00M,-307.00M,8.086B,2.00M,4.787B,2.029B,8.384B,3.299B,6.355B,414.00M,562.00M,1.696B
MSI,2015-06,-1.985B,3.112B,720.00M,4.00M,681.00M,0.68,0.68,475.00M,2.268B,648.00M,2015-06,364.00M,142.00M,-39.00M,-39.00M,542.00M,121.00M,3.393B,235.00M,1.106B,215.00M,64.00M,156.00M,1.368B,254.00M,1.815B,9.16B,2.00M,5.632B,1.971B,7.337B,3.528B,5.366B,413.00M,555.00M,1.616B
MSI,2015-03,-1.913B,3.353B,675.00M,4.00M,683.00M,0.34,0.34,428.00M,2.232B,548.00M,2015-03,381.00M,74.00M,-40.00M,-40.00M,530.00M,141.00M,3.392B,131.00M,1.132B,128.00M,40.00M,159.00M,1.223B,256.00M,2.086B,9.425B,2.00M,5.884B,1.977B,7.331B,3.541B,5.354B,417.00M,558.00M,1.541B
MSI,2014-12,-1.855B,3.954B,911.00M,4.00M,713.00M,0.87,0.87,406.00M,2.249B,912.00M,2014-12,345.00M,200.00M,-41.00M,-41.00M,549.00M,139.00M,3.396B,464.00M,1.343B,-1.498B,-572.00M,165.00M,1.823B,282.00M,2.735B,10.42B,2.00M,6.879B,2.25B,7.657B,3.544B,5.407B,448.00M,837.00M,1.978B
MSI,2014-09,-2.625B,2.845B,751.00M,4.00M,706.00M,0.6,0.59,407.00M,2.411B,685.00M,2014-09,331.00M,148.00M,-31.00M,-31.00M,664.00M,148.00M,3.401B,231.00M,1.179B,151.00M,84.00M,166.00M,1.436B,287.00M,3.211B,12.20B,2.00M,7.168B,3.024B,8.953B,5.027B,5.929B,454.00M,657.00M,1.675B
MSI,2014-06,-2.245B,2.876B,737.00M,4.00M,687.00M,3.25,3.22,407.00M,2.415B,656.00M,2014-06,330.00M,824.00M,-29.00M,-29.00M,682.00M,150.00M,2.446B,171.00M,1.125B,98.00M,20.00M,176.00M,1.393B,308.00M,4.139B,11.87B,3.00M,7.066B,2.924B,7.699B,4.802B,4.775B,485.00M,607.00M,1.623B
MSI,2014-03,-2.27B,3.141B,651.00M,4.00M,1.164B,0.5,0.49,1.634B,2.666B,577.00M,2014-03,576.00M,127.00M,-25.00M,-25.00M,795.00M,293.00M,2.462B,95.00M,1.475B,89.00M,4.00M,174.00M,1.228B,307.00M,3.717B,11.62B,3.00M,6.781B,3.026B,7.868B,4.834B,4.842B,482.00M,826.00M,2.19B
MSI,2013-12,-2.287B,3.225B,916.00M,4.00M,654.00M,1.33,1.31,367.00M,2.246B,901.00M,2013-12,347.00M,342.00M,-28.00M,-28.00M,610.00M,162.00M,2.457B,359.00M,1.377B,306.00M,13.00M,196.00M,1.817B,346.00M,3.659B,11.85B,3.00M,7.02B,3.22B,8.162B,4.831B,4.942B,542.00M,799.00M,1.881B
MSI,2013-09,-3.272B,2.89B,752.00M,4.00M,977.00M,1.17,1.16,1.599B,2.711B,765.00M,2013-09,521.00M,307.00M,-29.00M,-29.00M,841.00M,311.00M,2.458B,262.00M,1.414B,251.00M,-11.00M,183.00M,1.517B,320.00M,2.676B,12.06B,3.00M,6.58B,2.84B,9.353B,5.478B,6.513B,503.00M,767.00M,2.334B
MSI,2013-06,-3.309B,3.216B,747.00M,4.00M,1.008B,0.96,0.94,1.598B,2.666B,750.00M,2013-06,498.00M,258.00M,-32.00M,-32.00M,830.00M,296.00M,2.452B,216.00M,1.366B,168.00M,-59.00M,195.00M,1.497B,339.00M,2.791B,12.16B,3.00M,6.841B,2.794B,9.341B,5.319B,6.547B,534.00M,791.00M,2.234B
MSI,2013-03,-3.319B,3.718B,1.018B,4.00M,1.116B,0.7,0.68,1.603B,2.728B,955.00M,2013-03,515.00M,192.00M,-25.00M,-25.00M,825.00M,319.00M,2.45B,227.00M,1.334B,205.00M,13.00M,262.00M,1.973B,460.00M,3.097B,12.60B,3.00M,7.366B,2.889B,9.475B,5.231B,6.586B,728.00M,739.00M,2.215B
MSI,2012-12,-3.30B,3.603B,-62.00M,4.00M,1.207B,1.2,1.18,1.619B,2.709B,74.00M,2012-12,513.00M,336.00M,-20.00M,-20.00M,839.00M,304.00M,1.859B,68.00M,1.556B,73.00M,-55.00M,5.00M,12.00M,18.00M,3.265B,12.68B,3.00M,7.401B,3.335B,9.389B,5.278B,6.054B,6.00M,872.00M,2.392B
MSI,2012-09,-2.653B,3.539B,1.066B,4.00M,799.00M,0.73,0.72,1.46B,2.733B,1.087B,2012-09,538.00M,206.00M,-16.00M,-16.00M,860.00M,275.00M,1.86B,334.00M,1.97B,324.00M,118.00M,262.00M,2.153B,485.00M,3.872B,12.02B,3.00M,7.271B,3.125B,8.123B,4.749B,4.998B,753.00M,719.00M,1.704B
MSI,2012-06,-2.793B,3.705B,1.088B,4.00M,788.00M,0.63,0.61,1.466B,2.949B,1.06B,2012-06,488.00M,182.00M,-16.00M,-16.00M,857.00M,0,1.861B,289.00M,1.908B,240.00M,63.00M,269.00M,2.148B,496.00M,3.848B,12.19B,3.00M,7.223B,2.99B,8.32B,4.97B,5.33B,771.00M,793.00M,1.59B
MSI,2012-03,-2.827B,3.767B,983.00M,404.00M,1.024B,0.5,0.49,1.43B,2.954B,973.00M,2012-03,471.00M,157.00M,-14.00M,-14.00M,874.00M,0,1.126B,241.00M,3.167B,244.00M,85.00M,254.00M,1.956B,472.00M,4.085B,12.44B,3.00M,7.377B,3.583B,8.333B,5.066B,4.75B,732.00M,594.00M,1.717B
MSI,2011-12,-2.876B,5.091B,1.14B,405.00M,810.00M,0.58,0.57,1.476B,2.895B,1.16B,2011-12,512.00M,184.00M,-15.00M,-15.00M,896.00M,0,1.13B,196.00M,1.79B,267.00M,90.00M,266.00M,2.30B,498.00M,5.214B,13.93B,3.00M,8.768B,3.815B,8.655B,5.161B,4.84B,964.00M,873.00M,2.253B
MSI,2011-09,-2.154B,6.25B,1.03B,605.00M,760.00M,0.38,0.38,1.449B,2.963B,1.055B,2011-09,548.00M,128.00M,-18.00M,-18.00M,889.00M,0,1.538B,314.00M,2.325B,238.00M,83.00M,270.00M,2.085B,471.00M,6.098B,14.77B,3.00M,9.715B,4.169B,8.613B,5.056B,4.444B,741.00M,829.00M,1.535B
MSI,2011-06,-2.14B,6.627B,977.00M,606.00M,741.00M,1.02,1,1.429B,2.954B,1.007B,2011-06,522.00M,349.00M,-21.00M,-21.00M,899.00M,0,1.548B,265.00M,2.655B,61.00M,13.00M,260.00M,1.984B,482.00M,6.739B,15.60B,3.00M,10.27B,4.131B,8.773B,5.328B,4.642B,742.00M,771.00M,1.546B
MSI,2011-03,-2.14B,6.219B,910.00M,605.00M,0,1.47,1.44,1.625B,2.969B,924.00M,2011-03,521.00M,497.00M,-20.00M,-20.00M,915.00M,0,2.093B,169.00M,2.612B,172.00M,-189.00M,239.00M,1.834B,461.00M,6.31B,16.56B,3.00M,10.86B,4.904B,10.15B,5.699B,5.25B,755.00M,680.00M,1.406B
