Ticker,Date,Accrued Comprehensive Inc,Cash and Short Term Investments,Cost of Goods Sold,Current Debt & Capital Lease Obligation,Current Deferred Liabilities,EPS Basic,EPS Diluted,Goodwill and Intangibles,Gross PP&E,Gross Profit,Income (Quarterly),Inventories,Net Income,Net Non-Operating Interest Income Expense,Net Operating Interest Income,Net PP&E,Non-Current Deferred Liabilities,Non-Current Portion of LTD and Capital Lease Obligation,Operating Income,Payables and Accrued Expenses,Pre-Tax Income,Provision for Income Taxes,Research and Development Expense,Revenue,SG&A Expense,Shareholders Equity,Total Assets,Total Capital Stock,Total Current Assets,Total Current Liabilities,Total Liabilities,Total Long Term Assets,Total Long Term Liabilities,Total Operating Expenses,Total Payables,Total Receivables
MU,2021-02,81.00M,7.184B,4.587B,323.00M,0,0.54,0.53,1.57B,65.30B,1.649B,2021-02,4.743B,603.00M,-32.00M,-32.00M,32.42B,661.00M,6.825B,663.00M,4.55B,635.00M,48.00M,641.00M,6.236B,214.00M,40.66B,54.14B,120.00M,17.28B,5.433B,13.47B,36.86B,8.039B,986.00M,3.657B,3.353B
MU,2020-11,110.00M,7.032B,4.037B,273.00M,0,0.72,0.71,1.564B,68.40B,1.736B,2020-11,5.521B,803.00M,-38.00M,-38.00M,32.81B,656.00M,6.885B,866.00M,4.856B,841.00M,51.00M,647.00M,5.773B,214.00M,39.91B,53.69B,120.00M,16.53B,5.688B,13.78B,37.16B,8.096B,870.00M,4.016B,3.691B
MU,2020-08,71.00M,8.142B,3.988B,270.00M,0,0.89,0.87,1.562B,65.92B,2.068B,2020-08,5.607B,988.00M,-37.00M,-37.00M,31.62B,643.00M,6.906B,1.204B,5.817B,1.125B,136.00M,630.00M,6.056B,231.00M,39.00B,53.68B,119.00M,17.96B,6.635B,14.68B,35.71B,8.047B,864.00M,4.802B,3.912B
MU,2020-05,-11.00M,8.658B,3.675B,330.00M,0,0.72,0.71,1.56B,63.87B,1.763B,2020-05,5.405B,803.00M,-28.00M,-28.00M,30.68B,553.00M,6.896B,892.00M,5.364B,870.00M,68.00M,649.00M,5.438B,216.00M,37.82B,52.00B,119.00M,17.90B,6.185B,14.18B,34.11B,8.00B,871.00M,4.333B,3.603B
MU,2020-02,-9.00M,7.481B,3.442B,237.00M,0,0.37,0.36,1.56B,62.15B,1.355B,2020-02,5.208B,405.00M,-12.00M,-12.00M,30.25B,586.00M,5.736B,440.00M,5.077B,427.00M,21.00M,681.00M,4.797B,223.00M,37.02B,49.65B,119.00M,15.98B,5.822B,12.62B,33.67B,6.803B,915.00M,4.32B,3.049B
MU,2019-11,6.00M,7.588B,3.778B,462.00M,0,0.44,0.43,1.561B,60.63B,1.366B,2019-11,4.943B,491.00M,-3.00M,-3.00M,29.96B,609.00M,5.699B,518.00M,5.408B,561.00M,55.00M,640.00M,5.144B,211.00M,36.50B,49.65B,119.00M,16.17B,6.317B,13.15B,33.48B,6.832B,848.00M,4.64B,3.419B
MU,2019-08,9.00M,7.955B,3.475B,1.31B,0,0.51,0.49,1.568B,57.82B,1.395B,2019-08,5.118B,561.00M,18.00M,18.00M,28.24B,636.00M,4.541B,571.00M,4.626B,655.00M,71.00M,623.00M,4.87B,212.00M,35.88B,48.89B,118.00M,16.50B,6.39B,12.12B,32.38B,5.727B,824.00M,3.768B,3.195B
MU,2019-05,8.00M,6.689B,2.96B,1.346B,0,0.76,0.74,1.567B,55.80B,1.828B,2019-05,4.905B,840.00M,23.00M,23.00M,27.14B,622.00M,3.564B,1.019B,3.494B,716.00M,-135.00M,606.00M,4.788B,206.00M,35.32B,46.29B,118.00M,15.07B,5.397B,10.10B,31.22B,4.701B,809.00M,2.75B,3.257B
MU,2019-02,6.00M,7.533B,2.971B,2.634B,0,1.45,1.42,1.578B,53.73B,2.864B,2019-02,4.39B,1.619B,31.00M,31.00M,26.20B,0,3.606B,2.008B,4.062B,1.904B,280.00M,601.00M,5.835B,209.00M,34.57B,47.49B,118.00M,16.55B,7.361B,12.06B,30.94B,4.696B,856.00M,3.388B,4.416B
MU,2018-11,-5.00M,5.563B,3.298B,398.00M,0,2.91,2.81,1.584B,51.20B,4.615B,2018-11,3.876B,3.293B,5.00M,5.00M,24.81B,0,3.736B,3.792B,4.20B,3.773B,477.00M,611.00M,7.913B,209.00M,33.87B,44.60B,117.00M,15.04B,5.189B,9.856B,29.56B,4.667B,823.00M,3.465B,5.418B
MU,2018-08,10.00M,6.802B,3.289B,859.00M,612.00M,3.73,3.56,1.559B,49.09B,5.151B,2018-08,3.595B,4.325B,-16.00M,-16.00M,23.67B,227.00M,3.78B,4.309B,4.374B,4.346B,20.00M,567.00M,8.44B,215.00M,32.29B,43.38B,117.00M,16.04B,5.754B,10.21B,27.34B,4.458B,842.00M,3.332B,5.478B
MU,2018-05,22.00M,7.071B,3.074B,1.454B,603.00M,3.3,3.1,1.562B,47.26B,4.723B,2018-05,3.369B,3.823B,-44.00M,-44.00M,22.70B,0,5.895B,3.953B,3.817B,3.716B,-109.00M,603.00M,7.797B,211.00M,28.65B,41.84B,117.00M,15.50B,5.883B,12.33B,26.35B,6.444B,770.00M,2.814B,4.912B
MU,2018-02,43.00M,8.042B,3.081B,1.514B,614.00M,2.86,2.67,1.576B,45.52B,4.27B,2018-02,3.184B,3.309B,-61.00M,-61.00M,21.86B,0,7.816B,3.574B,4.018B,3.453B,143.00M,523.00M,7.351B,196.00M,25.70B,41.26B,116.00M,15.84B,6.135B,14.70B,25.43B,8.562B,696.00M,3.196B,4.437B
MU,2017-11,24.00M,6.174B,3.056B,1.401B,605.00M,2.36,2.19,1.596B,43.60B,3.747B,2017-11,3.16B,2.678B,-101.00M,-101.00M,20.72B,0,7.662B,3.103B,3.568B,2.792B,114.00M,448.00M,6.803B,191.00M,22.53B,37.19B,116.00M,13.36B,5.583B,13.80B,23.83B,8.215B,644.00M,2.756B,3.876B
MU,2017-08,29.00M,5.428B,3.026B,1.262B,482.00M,2.13,1.99,1.615B,41.53B,3.112B,2017-08,3.123B,2.368B,-132.00M,-132.00M,19.43B,0,9.893B,2.498B,3.467B,2.321B,-47.00M,447.00M,6.138B,193.00M,18.62B,35.34B,112.00M,12.46B,5.334B,15.87B,22.88B,10.53B,614.00M,2.514B,3.759B
MU,2017-05,12.00M,4.33B,2.957B,1.161B,442.00M,1.49,1.4,1.633B,40.27B,2.609B,2017-05,3.064B,1.647B,-143.00M,-143.00M,19.01B,0,10.51B,1.963B,3.50B,1.737B,92.00M,434.00M,5.566B,204.00M,16.17B,33.27B,111.00M,11.02B,5.143B,16.25B,22.24B,11.10B,646.00M,2.694B,3.497B
MU,2017-02,-7.00M,3.898B,2.944B,1.117B,392.00M,0.81,0.77,1.615B,39.49B,1.704B,2017-02,3.00B,894.00M,-153.00M,-153.00M,19.10B,0,11.34B,1.044B,3.648B,925.00M,38.00M,473.00M,4.648B,187.00M,14.29B,32.36B,111.00M,9.945B,5.207B,17.22B,22.41B,12.01B,660.00M,2.882B,2.891B
MU,2016-11,-7.00M,4.169B,2.959B,1.155B,332.00M,0.17,0.16,549.00M,34.88B,1.011B,2016-11,2.75B,180.00M,-132.00M,-132.00M,15.32B,0,8.521B,359.00M,3.999B,213.00M,31.00M,470.00M,3.97B,159.00M,12.32B,27.84B,110.00M,9.504B,5.546B,14.67B,18.33B,9.122B,652.00M,3.287B,2.453B
MU,2016-08,-35.00M,4.398B,2.638B,756.00M,189.00M,-0.16,-0.16,568.00M,33.60B,579.00M,2016-08,2.889B,-170.00M,-126.00M,-126.00M,14.69B,0,9.154B,15.00M,3.747B,-168.00M,3.00M,411.00M,3.217B,157.00M,12.08B,27.54B,109.00M,9.495B,4.835B,14.61B,18.04B,9.777B,564.00M,3.149B,2.068B
MU,2016-05,-38.00M,4.981B,2.40B,712.00M,0,-0.21,-0.21,595.00M,31.61B,498.00M,2016-05,2.92B,-215.00M,-99.00M,-99.00M,13.21B,0,8.919B,-27.00M,3.599B,-160.00M,15.00M,382.00M,2.898B,148.00M,12.19B,27.00B,109.00M,10.11B,4.50B,13.97B,16.89B,9.467B,525.00M,2.972B,2.073B
MU,2016-02,-84.00M,4.035B,2.355B,1.125B,199.00M,-0.09,-0.09,616.00M,29.74B,579.00M,2016-02,2.608B,-97.00M,-85.00M,-85.00M,11.82B,0,6.533B,-4.00M,3.087B,-96.00M,5.00M,403.00M,2.934B,175.00M,12.26B,24.82B,109.00M,8.805B,4.411B,11.58B,16.01B,7.169B,583.00M,2.436B,1.984B
MU,2015-11,-90.00M,3.641B,2.501B,1.051B,190.00M,0.2,0.19,640.00M,28.38B,849.00M,2015-11,2.435B,206.00M,-85.00M,-85.00M,11.06B,0,6.368B,247.00M,2.784B,143.00M,-4.00M,421.00M,3.35B,179.00M,12.30B,24.39B,109.00M,8.51B,4.025B,11.11B,15.88B,7.088B,602.00M,2.162B,2.223B
MU,2015-08,13.00M,3.521B,2.63B,1.089B,220.00M,0.44,0.42,472.00M,27.28B,970.00M,2015-08,2.34B,471.00M,-90.00M,-90.00M,10.55B,0,6.301B,424.00M,2.596B,355.00M,-69.00M,379.00M,3.60B,170.00M,12.30B,24.14B,108.00M,8.596B,3.905B,10.90B,15.55B,6.999B,546.00M,2.02B,2.507B
MU,2015-05,-3.00M,4.86B,2.651B,1.148B,293.00M,0.46,0.42,431.00M,26.01B,1.202B,2015-05,2.381B,491.00M,-88.00M,-88.00M,9.857B,0,6.451B,628.00M,3.125B,527.00M,104.00M,406.00M,3.853B,169.00M,12.46B,25.14B,108.00M,10.01B,4.566B,11.78B,15.13B,7.215B,574.00M,2.487B,2.53B
MU,2015-02,-18.00M,4.479B,2.761B,1.199B,360.00M,0.87,0.78,440.00M,24.90B,1.405B,2015-02,2.377B,934.00M,-75.00M,-75.00M,9.233B,0,5.57B,852.00M,2.561B,774.00M,47.00M,379.00M,4.166B,187.00M,12.43B,23.82B,108.00M,9.918B,4.12B,10.58B,13.90B,6.457B,553.00M,1.971B,2.761B
MU,2014-11,35.00M,4.23B,2.935B,1.168B,396.00M,0.94,0.84,450.00M,24.35B,1.638B,2014-11,2.448B,1.003B,-83.00M,-83.00M,9.132B,0,4.661B,1.08B,2.855B,953.00M,75.00M,376.00M,4.573B,193.00M,11.68B,22.54B,108.00M,9.672B,4.419B,10.05B,12.87B,5.63B,558.00M,2.203B,2.663B
MU,2014-08,56.00M,4.534B,2.842B,1.618B,407.00M,1.08,0.96,468.00M,23.43B,1.385B,2014-08,2.455B,1.15B,-81.00M,-81.00M,8.682B,0,4.961B,867.00M,2.766B,945.00M,-87.00M,358.00M,4.227B,180.00M,10.76B,22.42B,107.00M,10.24B,4.791B,10.85B,12.17B,6.063B,518.00M,2.029B,2.906B
MU,2014-05,44.00M,4.264B,2.614B,1.508B,378.00M,0.76,0.68,343.00M,22.38B,1.368B,2014-05,2.532B,806.00M,-75.00M,-75.00M,8.021B,0,4.225B,841.00M,2.732B,743.00M,72.00M,349.00M,3.982B,174.00M,9.94B,20.50B,107.00M,9.705B,4.76B,9.798B,10.79B,5.038B,527.00M,2.105B,2.715B
MU,2014-02,59.00M,4.504B,2.704B,2.23B,407.00M,0.69,0.61,367.00M,21.94B,1.403B,2014-02,2.462B,731.00M,-77.00M,-77.00M,7.859B,0,4.408B,870.00M,2.523B,670.00M,63.00M,344.00M,4.107B,177.00M,9.284B,20.62B,107.00M,9.991B,5.305B,10.57B,10.62B,5.266B,533.00M,1.907B,2.826B
MU,2013-11,68.00M,3.87B,2.761B,1.543B,428.00M,0.34,0.3,368.00M,21.40B,1.281B,2013-11,2.459B,358.00M,-96.00M,-96.00M,7.733B,0,4.26B,792.00M,2.438B,375.00M,80.00M,320.00M,4.042B,176.00M,9.219B,19.79B,106.00M,9.369B,4.513B,9.648B,10.42B,5.135B,489.00M,1.811B,2.833B
MU,2013-08,63.00M,3.101B,2.135B,1.585B,383.00M,1.65,1.51,386.00M,20.92B,708.00M,2013-08,2.649B,1.708B,-58.00M,-58.00M,7.626B,0,4.452B,236.00M,1.975B,1.678B,5.00M,267.00M,2.843B,193.00M,9.142B,19.12B,104.00M,8.911B,4.125B,9.112B,10.21B,4.987B,472.00M,1.469B,2.329B
MU,2013-05,69.00M,2.552B,1.762B,357.00M,389.00M,0.04,0.04,331.00M,20.11B,556.00M,2013-05,1.732B,43.00M,-52.00M,-52.00M,6.83B,0,3.267B,204.00M,1.424B,52.00M,-1.00M,226.00M,2.318B,127.00M,7.328B,14.06B,103.00M,5.886B,2.342B,6.029B,8.169B,3.687B,352.00M,995.00M,1.503B
MU,2013-02,79.00M,2.228B,1.712B,350.00M,343.00M,-0.28,-0.28,346.00M,20.21B,366.00M,2013-02,1.721B,-286.00M,-53.00M,-53.00M,6.973B,0,3.301B,27.00M,1.362B,-235.00M,-9.00M,214.00M,2.078B,123.00M,7.231B,13.91B,103.00M,5.364B,2.117B,5.952B,8.548B,3.835B,339.00M,813.00M,1.226B
MU,2012-11,83.00M,2.271B,1.617B,266.00M,359.00M,-0.27,-0.27,359.00M,21.30B,217.00M,2012-11,1.831B,-275.00M,-54.00M,-54.00M,7.199B,0,3.169B,-123.00M,994.00M,-210.00M,13.00M,224.00M,1.834B,119.00M,7.469B,14.07B,102.00M,5.315B,2.138B,5.881B,8.752B,3.743B,340.00M,994.00M,1.139B
MU,2012-08,80.00M,2.559B,1.744B,224.00M,389.00M,-0.24,-0.24,371.00M,20.82B,219.00M,2012-08,1.812B,-243.00M,-52.00M,-52.00M,7.103B,0,3.038B,-155.00M,1.50B,-196.00M,14.00M,235.00M,1.963B,139.00M,7.70B,14.33B,102.00M,5.758B,2.243B,5.911B,8.57B,3.668B,374.00M,973.00M,1.289B
MU,2012-05,80.00M,2.325B,1.938B,262.00M,247.00M,-0.32,-0.32,386.00M,20.54B,234.00M,2012-05,1.894B,-320.00M,-53.00M,-53.00M,7.158B,0,2.936B,-179.00M,1.547B,-243.00M,-38.00M,231.00M,2.172B,156.00M,7.811B,14.32B,99.00M,5.63B,2.177B,5.83B,8.686B,3.653B,413.00M,1.181B,1.333B
MU,2012-02,68.00M,2.094B,1.799B,150.00M,364.00M,-0.29,-0.29,400.00M,20.38B,210.00M,2012-02,2.081B,-282.00M,-33.00M,-33.00M,7.357B,0,2.165B,-199.00M,1.181B,-200.00M,9.00M,222.00M,2.009B,174.00M,7.986B,14.14B,99.00M,5.659B,2.102B,4.78B,8.48B,2.678B,409.00M,1.14B,1.241B
MU,2011-11,101.00M,1.915B,1.785B,146.00M,406.00M,-0.19,-0.19,401.00M,20.08B,305.00M,2011-11,2.097B,-187.00M,-33.00M,-33.00M,7.472B,0,1.973B,-82.00M,1.14B,-115.00M,-2.00M,230.00M,2.09B,151.00M,8.271B,14.21B,99.00M,5.491B,2.021B,4.502B,8.72B,2.481B,387.00M,1.519B,1.383B
MU,2011-08,132.00M,2.16B,1.819B,140.00M,450.00M,-0.14,-0.14,414.00M,19.76B,321.00M,2011-08,2.08B,-135.00M,-28.00M,-28.00M,7.555B,0,1.861B,251.00M,1.519B,-78.00M,16.00M,209.00M,2.14B,155.00M,8.47B,14.75B,98.00M,5.832B,2.48B,4.90B,8.92B,2.42B,70.00M,1.641B,1.497B
MU,2011-05,119.00M,2.395B,1.661B,184.00M,412.00M,0.07,0.07,424.00M,18.83B,478.00M,2011-05,2.068B,75.00M,-22.00M,-22.00M,7.103B,0,1.388B,116.00M,1.912B,225.00M,104.00M,211.00M,2.139B,151.00M,8.583B,14.57B,100.00M,6.045B,2.588B,4.538B,8.525B,1.95B,362.00M,0,1.495B
