Ticker,Date,Accrued Comprehensive Inc,Cash and Short Term Investments,Cost of Goods Sold,Current Debt & Capital Lease Obligation,Current Deferred Liabilities,EPS Basic,EPS Diluted,Goodwill and Intangibles,Gross PP&E,Gross Profit,Income (Quarterly),Inventories,Net Income,Net Non-Operating Interest Income Expense,Net Operating Interest Income,Net PP&E,Non-Current Portion of LTD and Capital Lease Obligation,Operating Income,Payables and Accrued Expenses,Pre-Tax Income,Provision for Income Taxes,Revenue,SG&A Expense,Shareholders Equity,Total Assets,Total Capital Stock,Total Current Assets,Total Current Liabilities,Total Liabilities,Total Long Term Assets,Total Long Term Liabilities,Total Operating Expenses,Total Payables,Total Receivables
NCLH,2020-12,-240.12M,3.300B,206.99M,124.88M,1.110B,-2.51,-2.51,599.00M,18.05B,-197.41M,2020-12,82.38M,-738.93M,-131.40M,-131.40M,13.62B,11.68B,-546.88M,679.19M,-707.41M,31.52M,9.579M,186.56M,4.354B,18.40B,0.316M,3.558B,1.914B,14.05B,14.84B,12.13B,349.47M,83.14M,20.58M
NCLH,2020-09,-372.00M,2.356B,190.16M,472.36M,1.116B,-2.5,-2.5,600.53M,17.36B,-183.64M,2020-09,81.26M,-677.37M,-139.66M,-139.66M,13.45B,10.47B,-517.78M,746.28M,-681.13M,-3.761M,6.518M,156.66M,4.088B,17.40B,0.30M,2.652B,2.334B,13.31B,14.75B,10.98B,334.14M,116.46M,78.50M
NCLH,2020-06,-495.89M,2.260B,301.65M,337.34M,1.113B,-2.99,-2.99,603.32M,15.53B,-284.72M,2020-06,82.26M,-715.24M,-114.54M,-114.54M,13.49B,10.01B,-595.41M,1.133B,-724.37M,-9.123M,16.93M,131.44M,4.337B,17.53B,0.281M,2.751B,2.584B,13.19B,14.78B,10.61B,310.69M,484.93M,74.21M
NCLH,2020-03,-579.25M,1.360B,994.26M,173.80M,1.660B,-8.8,-8.8,606.12M,0,252.62M,2020-03,85.52M,-1.881B,-68.91M,-68.91M,13.57B,8.432B,-216.26M,1.126B,-1.887B,-6.173M,1.247B,270.69M,4.375B,16.46B,0.239M,1.696B,2.960B,12.09B,14.77B,9.128B,468.89M,364.22M,96.28M
NCLH,2019-12,-295.49M,252.88M,887.42M,746.36M,1.955B,0.57,0.56,2.217B,0,593.20M,2019-12,95.43M,121.30M,-56.51M,-56.51M,13.37B,6.055B,199.38M,883.05M,118.89M,-2.406M,1.481B,229.86M,6.516B,16.68B,0.237M,730.14M,3.584B,10.17B,15.95B,6.585B,393.82M,100.78M,75.11M
NCLH,2019-09,-389.63M,407.26M,990.76M,605.11M,1.862B,2.1,2.09,2.221B,0,923.09M,2019-09,94.25M,450.58M,-60.19M,-60.19M,12.29B,5.673B,511.72M,932.85M,461.79M,11.20M,1.914B,255.15M,6.273B,15.94B,0.237M,842.72M,3.400B,9.665B,15.10B,6.266B,411.36M,72.15M,67.70M
NCLH,2019-06,-179.77M,419.92M,958.42M,605.14M,2.167B,1.11,1.11,2.226B,0,705.85M,2019-06,90.96M,240.19M,-65.97M,-65.97M,12.25B,5.744B,308.68M,810.14M,246.33M,6.138M,1.664B,240.90M,6.150B,15.97B,0.237M,903.56M,3.583B,9.816B,15.06B,6.233B,397.17M,75.78M,75.13M
NCLH,2019-03,-153.40M,304.71M,826.65M,608.31M,2.023B,0.54,0.54,2.231B,0,576.98M,2019-03,90.10M,118.16M,-73.50M,-73.50M,12.18B,5.934B,158.30M,797.89M,84.36M,-33.80M,1.404B,248.94M,5.905B,15.76B,0.237M,768.40M,3.429B,9.856B,14.99B,6.426B,418.68M,66.66M,57.05M
NCLH,2018-12,-161.65M,163.85M,817.26M,681.22M,1.593B,0.7,0.7,2.235B,0,563.94M,2018-12,90.20M,154.63M,-68.18M,-68.18M,12.12B,5.811B,209.58M,876.06M,150.70M,-3.933M,1.381B,208.94M,5.963B,15.21B,0.235M,550.31M,3.150B,9.243B,14.66B,6.092B,354.36M,159.56M,55.25M
NCLH,2018-09,56.12M,286.46M,928.94M,679.91M,1.649B,2.12,2.11,2.242B,0,929.41M,2018-09,95.95M,470.38M,-69.54M,-69.54M,12.03B,5.875B,550.28M,723.53M,480.83M,10.46M,1.858B,235.44M,6.198B,15.32B,0.235M,727.41M,3.052B,9.118B,14.59B,6.066B,379.14M,59.42M,46.56M
NCLH,2018-06,51.35M,205.01M,862.78M,679.77M,1.952B,1.02,1.01,2.248B,13.92B,659.39M,2018-06,93.14M,226.68M,-72.99M,-72.99M,12.09B,6.149B,292.15M,674.70M,232.09M,5.41M,1.522B,226.54M,5.687B,15.33B,0.235M,671.49M,3.306B,9.643B,14.66B,6.337B,367.24M,54.68M,44.21M
NCLH,2018-03,73.86M,301.75M,768.09M,772.19M,1.721B,0.45,0.45,2.255B,12.56B,525.31M,2018-03,80.43M,103.16M,-59.70M,-59.70M,11.09B,5.580B,167.05M,600.85M,105.69M,2.534M,1.293B,227.02M,5.639B,14.48B,0.235M,760.78M,3.094B,8.846B,13.72B,5.752B,358.26M,65.57M,41.16M
NCLH,2017-12,26.97M,176.19M,753.44M,619.37M,1.303B,0.43,0.43,2.261B,0,496.11M,2017-12,82.12M,98.80M,-84.31M,-84.31M,11.04B,5.688B,177.19M,567.15M,94.17M,-4.627M,1.250B,185.84M,5.750B,14.09B,0.233M,518.34M,2.490B,8.345B,13.58B,5.855B,318.92M,53.43M,43.96M
NCLH,2017-09,-61.06M,522.90M,838.16M,605.83M,1.327B,1.76,1.74,2.274B,0,813.57M,2017-09,78.92M,400.69M,-66.34M,-66.34M,10.92B,6.003B,476.82M,595.83M,407.22M,6.527M,1.652B,202.22M,5.538B,14.27B,0.233M,864.83M,2.529B,8.728B,13.40B,6.199B,336.75M,45.06M,56.76M
NCLH,2017-06,-170.08M,219.32M,752.24M,600.50M,1.544B,0.87,0.87,2.281B,0,591.86M,2017-06,77.09M,198.47M,-64.20M,-64.20M,10.97B,6.083B,275.07M,509.76M,205.27M,6.793M,1.344B,193.65M,4.992B,13.95B,0.233M,513.92M,2.654B,8.954B,13.43B,6.300B,316.79M,47.24M,50.36M
NCLH,2017-03,-311.95M,219.79M,719.80M,531.78M,1.372B,0.27,0.27,2.289B,0,430.98M,2017-03,71.44M,61.91M,-52.96M,-52.96M,10.15B,5.644B,119.73M,602.50M,63.96M,2.049M,1.151B,192.04M,4.625B,13.08B,0.232M,488.35M,2.507B,8.451B,12.59B,5.944B,311.25M,71.12M,47.95M
NCLH,2016-12,-314.47M,128.35M,695.11M,560.19M,1.173B,0.32,0.32,2.297B,0,430.03M,2016-12,66.26M,72.23M,-88.02M,-88.02M,10.12B,5.838B,153.55M,579.76M,70.51M,-1.726M,1.125B,161.46M,4.538B,12.97B,0.232M,411.09M,2.313B,8.436B,12.56B,6.123B,276.48M,38.00M,63.22M
NCLH,2016-09,-223.16M,155.43M,784.73M,566.91M,1.211B,1.51,1.5,2.303B,0,700.00M,2016-09,65.98M,342.38M,-60.66M,-60.66M,10.05B,5.815B,413.61M,571.57M,347.62M,5.241M,1.485B,174.81M,4.537B,12.94B,0.232M,436.70M,2.349B,8.407B,12.51B,6.058B,286.39M,51.49M,55.84M
NCLH,2016-06,-278.65M,145.96M,705.90M,581.80M,1.390B,0.64,0.64,2.304B,0,480.94M,2016-06,67.70M,145.25M,-68.42M,-68.42M,10.07B,5.971B,227.02M,620.32M,147.84M,2.599M,1.187B,149.31M,4.118B,12.96B,0.232M,440.03M,2.592B,8.839B,12.52B,6.247B,253.92M,46.51M,60.37M
NCLH,2016-03,-307.54M,154.87M,664.48M,629.95M,1.179B,0.32,0.32,2.313B,0,413.15M,2016-03,62.38M,73.23M,-59.75M,-59.75M,9.489B,5.670B,131.28M,681.39M,74.33M,1.104M,1.078B,180.57M,3.928B,12.41B,0.232M,392.92M,2.490B,8.478B,12.01B,5.988B,281.87M,75.23M,45.61M
NCLH,2015-12,-412.65M,115.94M,657.75M,629.84M,1.024B,0.17,0.17,2.319B,11.50B,378.78M,2015-12,58.17M,38.31M,-68.69M,-68.69M,9.459B,5.768B,117.92M,712.71M,38.15M,-0.159M,1.037B,143.12M,3.781B,12.26B,0.232M,340.41M,2.367B,8.484B,11.92B,6.117B,260.85M,66.26M,45.00M
NCLH,2015-09,-319.20M,230.18M,717.72M,587.50M,1.104B,1.11,1.09,2.327B,10.35B,567.19M,2015-09,54.95M,251.79M,-49.78M,-49.78M,8.724B,5.096B,306.83M,740.04M,255.32M,3.528M,1.285B,150.56M,3.919B,11.75B,0.232M,441.20M,2.431B,7.828B,11.31B,5.397B,260.36M,83.18M,42.00M
NCLH,2015-06,-227.23M,172.96M,656.28M,585.88M,1.213B,0.7,0.69,2.347B,7.114B,429.15M,2015-06,59.80M,158.49M,-52.45M,-52.45M,8.675B,5.178B,217.38M,675.01M,161.22M,2.726M,1.085B,107.16M,3.740B,11.69B,0.232M,399.92M,2.474B,7.947B,11.29B,5.473B,211.77M,93.80M,36.80M
NCLH,2015-03,-324.40M,121.42M,623.70M,579.67M,1.057B,-0.1,-0.1,2.366B,0,314.48M,2015-03,56.64M,-21.46M,-50.99M,-50.99M,8.629B,5.379B,60.35M,737.48M,-20.78M,0.677M,938.18M,154.16M,3.479B,11.59B,0.232M,324.63M,2.374B,8.113B,11.27B,5.740B,254.13M,122.85M,30.96M
NCLH,2014-12,-242.64M,84.82M,518.62M,576.95M,817.21M,-0.12,-0.12,2.388B,0,270.29M,2014-12,56.56M,-25.61M,-56.44M,-56.44M,8.624B,5.503B,46.44M,692.44M,-24.15M,1.494M,788.91M,139.58M,3.519B,11.47B,0.23M,283.74M,2.087B,7.950B,11.19B,5.864B,223.85M,139.93M,32.43M
NCLH,2014-09,-58.48M,55.87M,511.30M,381.56M,504.06M,0.99,0.97,611.33M,0,395.72M,2014-09,51.26M,201.08M,-32.28M,-32.28M,6.320B,3.082B,234.82M,417.40M,205.78M,2.502M,907.02M,97.11M,2.853B,7.374B,0.206M,190.64M,1.303B,4.490B,7.183B,3.187B,160.90M,136.81M,25.94M
NCLH,2014-06,-23.01M,63.48M,470.80M,372.91M,610.64M,0.54,0.54,611.33M,0,295.13M,2014-06,52.57M,111.62M,-31.86M,-31.86M,6.305B,3.129B,148.59M,396.35M,116.40M,3.124M,765.93M,83.08M,2.686B,7.315B,0.205M,210.22M,1.380B,4.600B,7.105B,3.220B,146.54M,139.78M,27.14M
NCLH,2014-03,-31.66M,64.76M,445.91M,363.70M,531.94M,0.25,0.24,611.33M,0,218.12M,2014-03,48.11M,51.27M,-31.17M,-31.17M,6.327B,3.290B,73.09M,361.26M,42.30M,-9.387M,664.03M,83.39M,2.635B,7.319B,0.205M,187.22M,1.257B,4.649B,7.132B,3.392B,145.03M,116.37M,18.00M
NCLH,2013-12,-16.69M,56.47M,417.79M,286.58M,411.83M,0.18,0.17,611.33M,0,182.56M,2013-12,43.72M,36.09M,-24.63M,-24.63M,5.648B,2.841B,61.43M,377.08M,37.03M,0.625M,600.34M,64.23M,2.609B,6.651B,0.205M,182.92M,1.075B,4.020B,6.468B,2.944B,121.13M,123.33M,18.26M
NCLH,2013-09,-33.10M,56.96M,456.10M,282.56M,434.54M,0.84,0.82,611.33M,0,341.78M,2013-09,45.90M,170.86M,-26.63M,-26.63M,5.623B,2.830B,208.08M,360.64M,180.83M,7.933M,797.88M,77.61M,2.553B,6.606B,0.205M,187.05M,1.078B,4.031B,6.418B,2.953B,133.70M,135.37M,17.72M
NCLH,2013-06,-47.41M,82.84M,421.08M,272.64M,542.60M,-0.04,-0.04,611.33M,6.212B,223.35M,2013-06,45.43M,-8.841M,-103.69M,-103.69M,5.602B,2.919B,95.39M,355.84M,-7.868M,1.047M,644.43M,74.11M,2.354B,6.589B,0.204M,201.02M,1.171B,4.204B,6.388B,3.033B,127.96M,134.16M,16.37M
NCLH,2013-03,-38.54M,81.20M,362.69M,221.75M,464.08M,-0.49,-0.49,611.33M,5.703B,164.94M,2013-03,42.29M,-96.40M,-127.66M,-127.66M,4.998B,2.417B,30.99M,360.32M,-95.30M,2.196M,527.63M,85.21M,2.373B,5.992B,0.204M,206.77M,1.046B,3.590B,5.785B,2.544B,133.95M,104.58M,13.39M
NCLH,2012-12,-17.62M,45.50M,344.59M,221.23M,353.79M,0.0053,0.0053,611.33M,0,158.58M,2012-12,39.68M,1.053M,-47.66M,-47.66M,4.960B,2.764B,49.50M,370.06M,1.215M,0.162M,503.17M,60.44M,2.010B,5.938B,0.025M,164.93M,945.09M,3.920B,5.773B,2.975B,109.07M,139.02M,15.06M
NCLH,2012-09,-23.70M,68.69M,394.07M,184.16M,378.24M,0.6394,0.6305,611.33M,0,280.34M,2012-09,43.18M,128.19M,-47.20M,-47.20M,4.934B,2.727B,174.14M,350.72M,128.59M,0.398M,674.41M,57.78M,2.012B,5.893B,0.025M,187.62M,913.11M,3.881B,5.705B,2.968B,106.20M,96.81M,15.12M
NCLH,2012-06,-61.95M,65.70M,387.74M,212.24M,434.05M,0.1797,0.1772,610.29M,0,195.49M,2012-06,37.79M,36.03M,-48.90M,-48.90M,4.926B,2.761B,87.01M,311.25M,36.10M,0.071M,583.23M,61.81M,1.845B,5.846B,0.025M,155.20M,990.16M,4.001B,5.691B,3.011B,108.49M,68.58M,9.44M
NCLH,2012-03,-1.112M,63.97M,352.03M,153.63M,411.28M,0.0164,0.0162,610.29M,0,163.40M,2012-03,39.67M,3.284M,-46.17M,-46.17M,4.616B,2.764B,46.44M,311.70M,3.284M,0,515.43M,71.16M,1.870B,5.581B,0.025M,184.67M,876.61M,3.711B,5.396B,2.835B,116.96M,72.28M,7.987M
NCLH,2011-12,-19.79M,58.93M,343.38M,200.58M,325.47M,-0.0097,-0.0097,602.79M,0,145.21M,2011-12,36.23M,-1.941M,-45.75M,-45.75M,4.640B,2.837B,42.34M,291.39M,-0.241M,0,488.59M,58.17M,1.844B,5.562B,0.025M,152.14M,817.45M,3.718B,5.410B,2.901B,102.87M,83.29M,8.159M
NCLH,2011-09,-12.02M,47.84M,399.28M,144.17M,332.57M,0.5363,0.5288,602.79M,0,267.35M,2011-09,41.56M,107.51M,-49.89M,-49.89M,4.617B,2.847B,160.02M,307.31M,107.51M,0,666.63M,60.82M,1.845B,5.539B,0.025M,145.13M,784.05M,3.694B,5.394B,2.910B,107.34M,64.61M,12.50M
NCLH,2011-06,22.64M,60.18M,381.74M,132.98M,414.56M,0.1458,0.1437,602.79M,0,186.84M,2011-06,39.36M,29.22M,-46.68M,-46.68M,4.644B,2.940B,76.25M,298.38M,0,0,568.59M,64.08M,1.769B,5.606B,0.025M,167.62M,845.92M,3.837B,5.438B,2.991B,110.59M,63.25M,9.304M
NCLH,2011-03,21.76M,49.20M,343.47M,89.03M,0,-0.0396,-0.0396,602.79M,0,152.04M,2011-03,37.27M,-7.933M,-47.87M,-47.87M,4.613B,2.993B,37.50M,312.36M,0,0,495.51M,68.28M,1.739B,5.564B,0.025M,157.73M,782.11M,3.825B,5.406B,3.043B,114.54M,62.17M,10.76M
