Ticker,Date,Accrued Comprehensive Inc,Cash and Short Term Investments,Cost of Goods Sold,Current Debt & Capital Lease Obligation,Current Deferred Liabilities,EPS Basic,EPS Diluted,Goodwill and Intangibles,Gross PP&E,Gross Profit,Income (Quarterly),Net Income,Net Non-Operating Interest Income Expense,Net Operating Interest Income,Net PP&E,Non-Current Deferred Liabilities,Non-Current Portion of LTD and Capital Lease Obligation,Operating Income,Payables and Accrued Expenses,Pre-Tax Income,Provision for Income Taxes,Revenue,SG&A Expense,Shareholders Equity,Total Assets,Total Capital Stock,Total Current Assets,Total Current Liabilities,Total Liabilities,Total Long Term Assets,Total Long Term Liabilities,Total Operating Expenses,Total Payables,Total Receivables
NDAQ,2021-03,-1.505B,989.00M,1.04B,435.00M,519.00M,1.81,1.78,11.48B,878.00M,612.00M,2021-03,298.00M,-28.00M,-28.00M,878.00M,542.00M,5.861B,420.00M,488.00M,395.00M,97.00M,1.652B,129.00M,6.332B,18.49B,2.00M,5.654B,5.556B,12.16B,12.84B,6.60B,192.00M,314.00M,574.00M
NDAQ,2020-12,-1.368B,2.94B,878.00M,0,235.00M,1.36,1.34,9.105B,1.413B,584.00M,2020-12,225.00M,-24.00M,-24.00M,856.00M,502.00M,5.93B,351.00M,626.00M,267.00M,42.00M,1.462B,180.00M,6.433B,17.98B,2.00M,7.66B,4.924B,11.54B,10.32B,6.619B,233.00M,399.00M,566.00M
NDAQ,2020-09,-1.632B,761.00M,897.00M,0,290.00M,1.61,1.58,8.818B,822.00M,517.00M,2020-09,264.00M,-24.00M,-24.00M,822.00M,513.00M,3.968B,338.00M,392.00M,357.00M,93.00M,1.414B,128.00M,6.011B,14.83B,2.00M,4.81B,4.161B,8.817B,10.02B,4.656B,179.00M,208.00M,504.00M
NDAQ,2020-06,-1.715B,917.00M,888.00M,0,351.00M,1.47,1.45,8.703B,801.00M,510.00M,2020-06,241.00M,-25.00M,-25.00M,801.00M,506.00M,3.885B,332.00M,596.00M,316.00M,75.00M,1.398B,128.00M,5.754B,14.56B,2.00M,4.716B,4.249B,8.802B,9.843B,4.553B,178.00M,447.00M,523.00M
NDAQ,2020-03,-1.909B,1.269B,847.00M,1.146B,416.00M,1.23,1.22,8.526B,699.00M,506.00M,2020-03,203.00M,-24.00M,-24.00M,699.00M,507.00M,3.272B,294.00M,476.00M,273.00M,70.00M,1.353B,164.00M,5.396B,14.80B,2.00M,5.27B,5.45B,9.40B,9.528B,3.95B,212.00M,344.00M,568.00M
NDAQ,2019-12,-1.686B,623.00M,608.00M,391.00M,211.00M,1.23,1.21,8.615B,1.216B,457.00M,2019-12,203.00M,-25.00M,-25.00M,730.00M,552.00M,3.327B,274.00M,468.00M,252.00M,49.00M,1.065B,136.00M,5.639B,13.92B,2.00M,4.29B,4.227B,8.285B,9.634B,4.058B,183.00M,280.00M,422.00M
NDAQ,2019-09,-1.833B,505.00M,639.00M,539.00M,267.00M,0.91,0.9,8.471B,707.00M,457.00M,2019-09,150.00M,-26.00M,-26.00M,707.00M,525.00M,3.266B,266.00M,317.00M,215.00M,65.00M,1.096B,144.00M,5.327B,12.98B,2.00M,3.499B,3.692B,7.653B,9.481B,3.961B,191.00M,180.00M,399.00M
NDAQ,2019-06,-1.666B,592.00M,607.00M,467.00M,333.00M,1.05,1.04,8.686B,755.00M,454.00M,2019-06,174.00M,-28.00M,-28.00M,755.00M,510.00M,3.365B,261.00M,438.00M,239.00M,65.00M,1.061B,145.00M,5.551B,14.13B,2.00M,4.363B,4.531B,8.581B,9.769B,4.05B,193.00M,319.00M,415.00M
NDAQ,2019-03,-1.645B,692.00M,580.00M,1.239B,402.00M,1.49,1.48,8.709B,748.00M,459.00M,2019-03,247.00M,-34.00M,-34.00M,748.00M,503.00M,2.685B,284.00M,405.00M,313.00M,66.00M,1.039B,127.00M,5.494B,14.50B,2.00M,4.736B,5.641B,9.009B,9.767B,3.368B,175.00M,287.00M,447.00M
NDAQ,2018-12,-1.53B,813.00M,670.00M,875.00M,194.00M,-0.27,-0.27,8.663B,800.00M,466.00M,2018-12,-44.00M,-36.00M,-36.00M,376.00M,501.00M,2.956B,255.00M,506.00M,328.00M,372.00M,1.136B,160.00M,5.449B,15.70B,2.00M,6.37B,6.57B,10.25B,9.33B,3.681B,211.00M,307.00M,384.00M
NDAQ,2018-09,-1.184B,526.00M,528.00M,808.00M,257.00M,0.99,0.97,8.697B,905.00M,436.00M,2018-09,163.00M,-35.00M,-35.00M,371.00M,228.00M,3.072B,252.00M,342.00M,209.00M,46.00M,964.00M,131.00M,5.602B,14.86B,2.00M,5.457B,5.799B,9.253B,9.398B,3.454B,184.00M,197.00M,356.00M
NDAQ,2018-06,-1.191B,635.00M,585.00M,768.00M,310.00M,0.98,0.97,8.706B,919.00M,442.00M,2018-06,162.00M,-35.00M,-35.00M,370.00M,195.00M,3.079B,259.00M,514.00M,288.00M,126.00M,1.027B,130.00M,5.542B,15.14B,2.00M,5.727B,6.148B,9.599B,9.414B,3.451B,183.00M,399.00M,405.00M
NDAQ,2018-03,-1.06B,629.00M,682.00M,960.00M,386.00M,1.06,1.05,8.981B,0,469.00M,2018-03,177.00M,-36.00M,-36.00M,384.00M,706.00M,3.155B,283.00M,476.00M,239.00M,62.00M,1.151B,133.00M,5.725B,15.79B,2.00M,5.638B,6.036B,10.06B,10.15B,4.029B,186.00M,365.00M,486.00M
NDAQ,2017-12,-862.00M,612.00M,569.00M,480.00M,161.00M,1.47,1.45,9.054B,0,450.00M,2017-12,246.00M,-35.00M,-35.00M,400.00M,351.00M,3.727B,265.00M,475.00M,211.00M,-35.00M,1.019B,137.00M,5.88B,15.35B,2.00M,5.51B,5.234B,9.474B,9.844B,4.24B,185.00M,305.00M,356.00M
NDAQ,2017-09,-825.00M,737.00M,529.00M,154.00M,204.00M,1.02,1,8.245B,0,436.00M,2017-09,170.00M,-32.00M,-32.00M,379.00M,883.00M,3.589B,265.00M,329.00M,234.00M,64.00M,965.00M,124.00M,5.735B,15.07B,2.00M,5.446B,4.723B,9.337B,9.626B,4.614B,171.00M,199.00M,320.00M
NDAQ,2017-06,-892.00M,656.00M,559.00M,494.00M,265.00M,0.88,0.87,8.339B,0,435.00M,2017-06,146.00M,-34.00M,-34.00M,384.00M,893.00M,3.058B,253.00M,442.00M,211.00M,65.00M,994.00M,135.00M,5.576B,14.66B,2.00M,4.921B,4.987B,9.084B,9.739B,4.097B,182.00M,318.00M,392.00M
NDAQ,2017-03,-987.00M,606.00M,549.00M,379.00M,322.00M,1.01,0.99,8.152B,0,420.00M,2017-03,168.00M,-35.00M,-35.00M,376.00M,866.00M,3.242B,252.00M,378.00M,215.00M,47.00M,969.00M,123.00M,5.352B,14.49B,2.00M,4.947B,4.886B,9.138B,9.543B,4.252B,168.00M,268.00M,467.00M
NDAQ,2016-12,-979.00M,648.00M,555.00M,20.00M,162.00M,-1.35,-1.35,8.121B,0,417.00M,2016-12,-227.00M,-36.00M,-36.00M,362.00M,891.00M,3.603B,230.00M,490.00M,-408.00M,-181.00M,972.00M,142.00M,5.43B,14.15B,2.00M,4.56B,4.082B,8.72B,9.59B,4.638B,187.00M,283.00M,429.00M
NDAQ,2016-09,-882.00M,495.00M,512.00M,0,216.00M,0.79,0.77,8.946B,0,417.00M,2016-09,131.00M,-36.00M,-36.00M,342.00M,1.171B,3.689B,245.00M,361.00M,199.00M,68.00M,929.00M,126.00M,5.754B,14.81B,2.00M,4.346B,4.054B,9.054B,10.46B,5.00B,172.00M,186.00M,349.00M
NDAQ,2016-06,-860.00M,599.00M,502.00M,0,275.00M,0.42,0.42,9.007B,0,395.00M,2016-06,70.00M,-31.00M,-31.00M,332.00M,1.182B,3.731B,242.00M,461.00M,146.00M,76.00M,897.00M,112.00M,5.717B,15.10B,2.00M,4.596B,4.308B,9.382B,10.50B,5.074B,153.00M,332.00M,399.00M
NDAQ,2016-03,-770.00M,590.00M,523.00M,20.00M,304.00M,0.8,0.78,7.748B,830.00M,382.00M,2016-03,132.00M,-27.00M,-27.00M,326.00M,866.00M,2.565B,237.00M,342.00M,195.00M,63.00M,905.00M,107.00M,5.697B,13.72B,2.00M,4.722B,4.429B,8.02B,8.995B,3.591B,145.00M,255.00M,333.00M
NDAQ,2015-12,-864.00M,502.00M,478.00M,430.00M,127.00M,0.9,0.88,7.354B,760.00M,387.00M,2015-12,148.00M,-27.00M,-27.00M,323.00M,826.00M,2.364B,260.00M,427.00M,219.00M,71.00M,865.00M,91.00M,5.609B,11.86B,2.00M,3.26B,2.92B,6.252B,8.601B,3.332B,127.00M,256.00M,316.00M
NDAQ,2015-09,-847.00M,483.00M,492.00M,45.00M,191.00M,0.83,0.8,7.402B,727.00M,379.00M,2015-09,138.00M,-27.00M,-27.00M,305.00M,814.00M,2.415B,243.00M,319.00M,206.00M,68.00M,871.00M,102.00M,5.546B,11.77B,2.00M,3.16B,2.852B,6.224B,8.61B,3.372B,136.00M,198.00M,278.00M
NDAQ,2015-06,-805.00M,588.00M,433.00M,0,261.00M,0.79,0.77,7.478B,0,374.00M,2015-06,133.00M,-26.00M,-26.00M,295.00M,814.00M,2.281B,222.00M,429.00M,192.00M,60.00M,807.00M,118.00M,5.716B,12.10B,2.00M,3.446B,3.146B,6.388B,8.658B,3.242B,152.00M,335.00M,323.00M
NDAQ,2015-03,-883.00M,522.00M,498.00M,0,312.00M,0.05,0.05,7.345B,0,360.00M,2015-03,9.00M,-27.00M,-27.00M,281.00M,797.00M,2.306B,177.00M,360.00M,14.00M,5.00M,858.00M,149.00M,5.544B,12.24B,2.00M,3.688B,3.44B,6.697B,8.554B,3.257B,183.00M,289.00M,344.00M
NDAQ,2014-12,-682.00M,601.00M,551.00M,0,214.00M,0.52,0.5,7.615B,0,369.00M,2014-12,86.00M,-27.00M,-27.00M,292.00M,841.00M,2.297B,208.00M,456.00M,97.00M,11.00M,920.00M,128.00M,5.793B,12.07B,2.00M,3.40B,2.98B,6.277B,8.671B,3.297B,161.00M,313.00M,389.00M
NDAQ,2014-09,-325.00M,455.00M,457.00M,0,228.00M,0.73,0.71,8.015B,0,361.00M,2014-09,123.00M,-28.00M,-28.00M,288.00M,898.00M,2.345B,212.00M,318.00M,179.00M,56.00M,818.00M,115.00M,6.117B,12.69B,2.00M,3.557B,3.194B,6.574B,9.135B,3.38B,149.00M,208.00M,370.00M
NDAQ,2014-06,-142.00M,517.00M,487.00M,0,268.00M,0.6,0.59,8.381B,0,378.00M,2014-06,101.00M,-29.00M,-29.00M,280.00M,929.00M,2.408B,205.00M,442.00M,162.00M,61.00M,865.00M,138.00M,6.205B,13.12B,2.00M,3.718B,3.424B,6.909B,9.398B,3.485B,173.00M,342.00M,395.00M
NDAQ,2014-03,-71.00M,581.00M,527.00M,0,312.00M,0.61,0.59,8.535B,0,371.00M,2014-03,103.00M,-28.00M,-28.00M,266.00M,929.00M,2.084B,212.00M,397.00M,156.00M,53.00M,898.00M,124.00M,6.239B,12.98B,2.00M,3.519B,3.578B,6.738B,9.459B,3.16B,159.00M,301.00M,434.00M
NDAQ,2013-12,-67.00M,587.00M,474.00M,0,189.00M,0.84,0.81,8.572B,0,375.00M,2013-12,141.00M,-28.00M,-28.00M,268.00M,851.00M,2.589B,209.00M,464.00M,235.00M,94.00M,849.00M,132.00M,6.184B,12.58B,2.00M,3.163B,2.80B,6.393B,9.414B,3.593B,166.00M,310.00M,393.00M
NDAQ,2013-09,-51.00M,490.00M,449.00M,45.00M,225.00M,0.68,0.66,8.60B,612.00M,356.00M,2013-09,113.00M,-30.00M,-30.00M,249.00M,868.00M,2.673B,202.00M,389.00M,171.00M,58.00M,805.00M,121.00M,6.055B,12.49B,2.00M,3.072B,2.707B,6.43B,9.414B,3.723B,154.00M,274.00M,372.00M
NDAQ,2013-06,-139.00M,549.00M,489.00M,138.00M,258.00M,0.53,0.52,8.431B,585.00M,325.00M,2013-06,88.00M,-24.00M,-24.00M,227.00M,835.00M,2.647B,184.00M,481.00M,135.00M,47.00M,814.00M,113.00M,5.862B,11.95B,2.00M,2.61B,2.416B,6.09B,9.343B,3.674B,141.00M,397.00M,362.00M
NDAQ,2013-03,-218.00M,809.00M,443.00M,137.00M,285.00M,0.26,0.25,6.928B,0,301.00M,2013-03,42.00M,-21.00M,-21.00M,215.00M,850.00M,1.829B,169.00M,347.00M,59.00M,17.00M,744.00M,105.00M,5.20B,9.188B,2.00M,1.608B,1.114B,3.985B,7.58B,2.871B,132.00M,288.00M,317.00M
NDAQ,2012-12,-185.00M,720.00M,450.00M,136.00M,174.00M,0.52,0.5,6.985B,0,305.00M,2012-12,86.00M,-20.00M,-20.00M,211.00M,869.00M,1.84B,186.00M,380.00M,153.00M,68.00M,755.00M,92.00M,5.208B,9.132B,2.00M,1.492B,1.018B,3.923B,7.64B,2.905B,119.00M,269.00M,333.00M
NDAQ,2012-09,-222.00M,595.00M,447.00M,45.00M,192.00M,0.53,0.52,6.931B,0,299.00M,2012-09,89.00M,-22.00M,-22.00M,203.00M,846.00M,1.941B,177.00M,173.00M,134.00M,45.00M,746.00M,96.00M,5.135B,8.92B,2.00M,1.329B,805.00M,3.784B,7.591B,2.979B,122.00M,173.00M,327.00M
NDAQ,2012-06,-368.00M,687.00M,501.00M,45.00M,228.00M,0.55,0.53,6.728B,0,314.00M,2012-06,93.00M,-22.00M,-22.00M,198.00M,821.00M,1.951B,193.00M,316.00M,125.00M,33.00M,815.00M,96.00M,4.961B,8.927B,2.00M,1.41B,987.00M,3.957B,7.517B,2.97B,121.00M,316.00M,341.00M
NDAQ,2012-03,-218.00M,740.00M,502.00M,45.00M,264.00M,0.49,0.48,6.89B,0,302.00M,2012-03,85.00M,-22.00M,-22.00M,195.00M,857.00M,1.962B,182.00M,216.00M,137.00M,53.00M,804.00M,94.00M,5.152B,9.021B,2.00M,1.406B,859.00M,3.86B,7.615B,3.001B,120.00M,216.00M,327.00M
NDAQ,2011-12,-350.00M,785.00M,874.00M,45.00M,151.00M,0.47,0.45,6.709B,0,-31.00M,2011-12,81.00M,-23.00M,-23.00M,193.00M,824.00M,2.072B,160.00M,402.00M,120.00M,39.00M,843.00M,-219.00M,4.976B,14.09B,2.00M,6.581B,6.038B,9.105B,7.51B,3.067B,-191.00M,270.00M,308.00M
NDAQ,2011-09,-346.00M,837.00M,508.00M,45.00M,178.00M,0.62,0.61,6.703B,0,436.00M,2011-09,110.00M,-27.00M,-27.00M,168.00M,836.00M,2.168B,198.00M,205.00M,170.00M,61.00M,944.00M,210.00M,4.987B,13.16B,2.00M,5.677B,4.98B,8.161B,7.48B,3.181B,238.00M,205.00M,347.00M
NDAQ,2011-06,-62.00M,898.00M,422.00M,140.00M,229.00M,0.52,0.51,7.112B,0,415.00M,2011-06,92.00M,-28.00M,-28.00M,165.00M,882.00M,2.069B,187.00M,327.00M,131.00M,40.00M,837.00M,202.00M,5.15B,14.22B,2.00M,6.429B,5.919B,9.057B,7.788B,3.138B,228.00M,327.00M,344.00M
