Ticker,Date,Accrued Comprehensive Inc,Cash and Short Term Investments,Cost of Goods Sold,Current Debt & Capital Lease Obligation,Current Deferred Liabilities,EPS Basic,EPS Diluted,Goodwill and Intangibles,Gross PP&E,Gross Profit,Income (Quarterly),Inventories,Net Income,Net Non-Operating Interest Income Expense,Net Operating Interest Income,Net PP&E,Non-Current Deferred Liabilities,Non-Current Portion of LTD and Capital Lease Obligation,Operating Income,Payables and Accrued Expenses,Pre-Tax Income,Provision for Income Taxes,Research and Development Expense,Revenue,SG&A Expense,Shareholders Equity,Total Assets,Total Capital Stock,Total Current Assets,Total Current Liabilities,Total Liabilities,Total Long Term Assets,Total Long Term Liabilities,Total Operating Expenses,Total Payables,Total Receivables
NEM,2020-12,-216.00M,5.83B,1.977B,674.00M,106.00M,1.03,1.02,2.771B,38.18B,1.404B,2020-12,963.00M,824.00M,-70.00M,-70.00M,24.28B,2.219B,6.136B,988.00M,1.782B,934.00M,258.00M,30.00M,3.381B,71.00M,23.01B,41.37B,1.287B,8.505B,3.369B,17.52B,32.86B,14.16B,416.00M,1.292B,449.00M
NEM,2020-09,-245.00M,5.141B,1.887B,668.00M,106.00M,1.04,1.04,2.771B,36.97B,1.283B,2020-09,983.00M,839.00M,-71.00M,-71.00M,24.33B,2.535B,6.119B,1.006B,1.193B,880.00M,305.00M,39.00M,3.17B,151.00M,22.66B,40.55B,1.292B,7.66B,2.703B,16.97B,32.89B,14.27B,277.00M,859.00M,324.00M
NEM,2020-06,-247.00M,4.118B,1.711B,669.00M,33.00M,0.43,0.43,2.771B,37.70B,654.00M,2020-06,961.00M,344.00M,-72.00M,-72.00M,24.68B,2.487B,6.134B,480.00M,1.039B,550.00M,164.00M,26.00M,2.365B,72.00M,22.00B,39.88B,1.291B,6.684B,2.378B,16.96B,33.20B,14.58B,174.00M,778.00M,255.00M
NEM,2020-03,-252.00M,3.884B,1.897B,199.00M,0,1.02,1.02,2.763B,39.28B,684.00M,2020-03,971.00M,822.00M,-71.00M,-71.00M,24.95B,2.543B,6.673B,482.00M,1.114B,779.00M,-23.00M,27.00M,2.581B,65.00M,21.81B,39.70B,1.29B,6.455B,1.952B,16.96B,33.24B,15.01B,202.00M,806.00M,220.00M
NEM,2019-12,-265.00M,2.48B,2.072B,128.00M,0,0.69,0.69,2.674B,27.37B,895.00M,2019-12,1.014B,565.00M,-71.00M,-71.00M,25.28B,2.653B,6.781B,589.00M,1.151B,620.00M,129.00M,48.00M,2.967B,61.00M,21.42B,39.97B,1.298B,6.272B,2.385B,17.60B,33.70B,15.22B,306.00M,823.00M,373.00M
NEM,2019-09,-265.00M,2.869B,1.94B,761.00M,0,2.66,2.65,3.14B,0,773.00M,2019-09,1.102B,2.178B,-67.00M,-67.00M,26.29B,3.21B,6.804B,484.00M,1.114B,2.778B,558.00M,43.00M,2.713B,92.00M,21.43B,40.76B,1.317B,5.698B,2.611B,18.33B,35.06B,15.72B,289.00M,701.00M,760.00M
NEM,2019-06,-257.00M,1.851B,1.853B,764.00M,0,-0.03,-0.03,2.231B,0,404.00M,2019-06,1.147B,-25.00M,-69.00M,-69.00M,23.50B,2.702B,6.153B,137.00M,1.04B,20.00M,20.00M,32.00M,2.257B,81.00M,19.35B,36.99B,1.317B,4.638B,2.538B,16.66B,32.35B,14.12B,267.00M,618.00M,650.00M
NEM,2019-03,-269.00M,3.601B,1.29B,700.00M,0,0.16,0.16,58.00M,0,513.00M,2019-03,634.00M,87.00M,-37.00M,-37.00M,12.26B,704.00M,3.72B,351.00M,668.00M,275.00M,125.00M,27.00M,1.803B,59.00M,10.50B,20.88B,860.00M,5.397B,1.815B,9.409B,15.48B,7.594B,162.00M,393.00M,289.00M
NEM,2018-12,-284.00M,3.445B,1.44B,653.00M,0,0.0038,0.0037,0,0,608.00M,2018-12,630.00M,2.00M,-37.00M,-37.00M,12.26B,701.00M,3.608B,381.00M,624.00M,278.00M,260.00M,46.00M,2.048B,63.00M,10.50B,20.72B,855.00M,5.277B,1.787B,9.25B,15.44B,7.463B,227.00M,382.00M,254.00M
NEM,2018-09,-150.00M,3.126B,1.294B,20.00M,0,-0.27,-0.27,0,0,432.00M,2018-09,713.00M,-145.00M,-36.00M,-36.00M,12.21B,702.00M,4.17B,253.00M,598.00M,-128.00M,3.00M,37.00M,1.726B,59.00M,10.60B,20.56B,855.00M,4.935B,1.051B,8.985B,15.62B,7.934B,179.00M,342.00M,272.00M
NEM,2018-06,-162.00M,3.183B,1.244B,13.00M,0,0.55,0.54,0,26.48B,418.00M,2018-06,697.00M,292.00M,-36.00M,-36.00M,12.35B,589.00M,4.108B,224.00M,666.00M,305.00M,18.00M,36.00M,1.662B,63.00M,10.81B,20.66B,857.00M,4.967B,1.08B,8.87B,15.69B,7.79B,194.00M,436.00M,234.00M
NEM,2018-03,-169.00M,3.17B,1.33B,7.00M,0,0.36,0.36,0,25.03B,487.00M,2018-03,657.00M,192.00M,-42.00M,-42.00M,12.31B,596.00M,4.088B,321.00M,791.00M,283.00M,105.00M,34.00M,1.817B,59.00M,10.58B,20.48B,857.00M,4.938B,1.181B,8.928B,15.54B,7.747B,166.00M,555.00M,330.00M
NEM,2017-12,-292.00M,3.321B,1.376B,4.00M,0,-1.01,-1.01,0,0,559.00M,2017-12,679.00M,-542.00M,-45.00M,-45.00M,12.34B,595.00M,4.061B,310.00M,883.00M,265.00M,777.00M,44.00M,1.935B,66.00M,10.54B,20.65B,855.00M,5.066B,1.398B,9.127B,15.58B,7.729B,249.00M,630.00M,237.00M
NEM,2017-09,-292.00M,3.045B,1.381B,4.00M,0,0.38,0.38,0,0,498.00M,2017-09,692.00M,206.00M,-47.00M,-47.00M,12.17B,606.00M,4.046B,323.00M,752.00M,278.00M,73.00M,41.00M,1.879B,58.00M,11.14B,20.84B,853.00M,4.808B,1.15B,8.605B,16.03B,7.455B,175.00M,518.00M,247.00M
NEM,2017-06,-318.00M,3.166B,1.309B,577.00M,0,0.33,0.33,0,0,566.00M,2017-06,665.00M,175.00M,-58.00M,-58.00M,12.26B,614.00M,4.046B,372.00M,612.00M,335.00M,166.00M,32.00M,1.875B,58.00M,10.93B,21.14B,853.00M,5.098B,1.572B,9.102B,16.04B,7.53B,194.00M,438.00M,337.00M
NEM,2017-03,-322.00M,2.97B,1.257B,572.00M,0,0.09,0.09,0,0,433.00M,2017-03,666.00M,47.00M,-63.00M,-63.00M,12.38B,607.00M,4.049B,282.00M,660.00M,194.00M,111.00M,26.00M,1.69B,55.00M,10.76B,20.97B,853.00M,4.838B,1.565B,9.053B,16.13B,7.488B,151.00M,472.00M,285.00M
NEM,2016-12,-334.00M,2.812B,1.323B,566.00M,0,-0.65,-0.65,0,0,435.00M,2016-12,617.00M,-346.00M,-65.00M,-65.00M,12.48B,592.00M,4.049B,205.00M,690.00M,-892.00M,24.00M,29.00M,1.758B,55.00M,10.72B,21.03B,849.00M,4.677B,1.75B,9.157B,16.35B,7.407B,230.00M,481.00M,343.00M
NEM,2016-09,-302.00M,2.179B,1.318B,564.00M,0,-0.67,-0.67,0,0,473.00M,2016-09,609.00M,-358.00M,-62.00M,-62.00M,13.17B,563.00M,4.552B,307.00M,669.00M,223.00M,90.00M,34.00M,1.791B,63.00M,11.10B,24.08B,849.00M,7.113B,2.536B,9.972B,16.97B,7.436B,166.00M,408.00M,293.00M
NEM,2016-06,-341.00M,2.948B,1.183B,196.00M,0,0.04,0.04,0,0,486.00M,2016-06,728.00M,23.00M,-66.00M,-66.00M,14.23B,926.00M,5.375B,318.00M,751.00M,241.00M,238.00M,44.00M,1.669B,62.00M,11.42B,24.70B,849.00M,5.294B,1.36B,10.32B,19.41B,8.96B,168.00M,480.00M,509.00M
NEM,2016-03,-386.00M,2.488B,1.127B,335.00M,0,0.1,0.1,0,0,335.00M,2016-03,710.00M,52.00M,-74.00M,-74.00M,14.28B,865.00M,5.369B,199.00M,718.00M,208.00M,227.00M,27.00M,1.462B,53.00M,11.35B,24.55B,849.00M,4.78B,1.458B,10.30B,19.77B,8.842B,136.00M,450.00M,495.00M
NEM,2015-12,-334.00M,2.382B,1.279B,9.00M,125.00M,-0.5,-0.5,207.00M,24.73B,173.00M,2015-12,561.00M,-254.00M,-65.00M,-65.00M,13.21B,538.00M,5.854B,-193.00M,627.00M,-327.00M,89.00M,39.00M,1.452B,61.00M,11.35B,25.13B,847.00M,4.983B,1.416B,10.84B,20.15B,9.422B,366.00M,361.00M,215.00M
NEM,2015-09,-389.00M,2.989B,1.217B,266.00M,125.00M,0.42,0.42,209.00M,26.18B,343.00M,2015-09,766.00M,219.00M,-74.00M,-74.00M,14.34B,763.00M,6.085B,192.00M,842.00M,238.00M,61.00M,31.00M,1.56B,59.00M,11.54B,25.55B,846.00M,5.195B,1.691B,10.98B,20.36B,9.294B,151.00M,557.00M,349.00M
NEM,2015-06,-440.00M,3.341B,1.303B,243.00M,132.00M,0.14,0.14,212.00M,26.70B,605.00M,2015-06,1.459B,72.00M,-82.00M,-82.00M,13.65B,759.00M,6.14B,403.00M,1.528B,298.00M,152.00M,33.00M,1.908B,68.00M,11.27B,25.96B,846.00M,6.556B,2.356B,11.69B,19.40B,9.337B,202.00M,1.278B,636.00M
NEM,2015-03,-492.00M,2.637B,1.316B,231.00M,132.00M,0.37,0.37,214.00M,0,656.00M,2015-03,1.936B,183.00M,-85.00M,-85.00M,13.61B,707.00M,6.221B,497.00M,2.049B,423.00M,193.00M,28.00M,1.972B,58.00M,10.46B,25.60B,800.00M,6.151B,2.834B,12.24B,19.45B,9.405B,159.00M,1.811B,506.00M
NEM,2014-12,-478.00M,2.476B,757.00M,166.00M,136.00M,0.03,0.03,216.00M,0,787.00M,2014-12,1.306B,15.00M,-54.00M,-54.00M,13.65B,656.00M,6.48B,601.00M,1.336B,561.00M,226.00M,39.00M,1.544B,99.00M,10.27B,24.92B,798.00M,5.439B,2.198B,11.83B,19.48B,9.629B,186.00M,1.107B,600.00M
NEM,2014-09,-310.00M,1.86B,1.503B,143.00M,142.00M,0.43,0.43,246.00M,0,243.00M,2014-09,1.867B,213.00M,-89.00M,-89.00M,13.90B,734.00M,6.63B,59.00M,1.756B,25.00M,-47.00M,36.00M,1.746B,45.00M,10.38B,25.12B,798.00M,5.488B,2.511B,12.02B,19.63B,9.511B,184.00M,1.505B,499.00M
NEM,2014-06,-242.00M,1.737B,1.366B,112.00M,74.00M,0.36,0.36,249.00M,0,399.00M,2014-06,1.665B,180.00M,-94.00M,-94.00M,14.04B,730.00M,6.673B,202.00M,1.557B,92.00M,-53.00M,42.00M,1.765B,48.00M,10.23B,24.98B,798.00M,5.354B,2.252B,11.88B,19.62B,9.633B,197.00M,1.30B,543.00M
NEM,2014-03,-205.00M,1.558B,1.381B,615.00M,74.00M,0.2,0.2,230.00M,0,383.00M,2014-03,1.761B,100.00M,-93.00M,-93.00M,14.14B,696.00M,6.146B,197.00M,1.732B,143.00M,78.00M,42.00M,1.764B,45.00M,10.02B,24.80B,798.00M,5.247B,2.884B,11.92B,19.55B,9.033B,186.00M,1.448B,630.00M
NEM,2013-12,-182.00M,1.633B,1.863B,595.00M,66.00M,-2.33,-2.33,233.00M,0,325.00M,2013-12,1.396B,-1.187B,-102.00M,-102.00M,14.28B,635.00M,6.145B,96.00M,1.479B,-2.09B,-809.00M,57.00M,2.188B,45.00M,9.993B,24.61B,789.00M,4.889B,2.74B,11.70B,19.72B,8.958B,229.00M,1.176B,612.00M
NEM,2013-09,-56.00M,1.566B,1.377B,587.00M,0,0.8,0.8,0,0,643.00M,2013-09,1.802B,398.00M,-72.00M,-72.00M,16.32B,782.00M,5.949B,385.00M,2.069B,575.00M,161.00M,67.00M,2.02B,48.00M,11.53B,26.80B,789.00M,5.221B,3.258B,12.26B,21.58B,8.999B,258.00M,1.659B,472.00M
NEM,2013-06,-71.00M,1.876B,2.097B,48.00M,64.00M,-4.14,-4.14,236.00M,27.73B,-79.00M,2013-06,1.333B,-2.059B,-68.00M,-68.00M,16.24B,840.00M,6.726B,-322.00M,1.514B,-2.631B,-287.00M,46.00M,2.018B,54.00M,11.23B,26.48B,789.00M,5.022B,2.198B,12.24B,21.45B,10.04B,243.00M,1.148B,546.00M
NEM,2013-03,429.00M,1.453B,1.324B,10.00M,65.00M,0.63,0.63,326.00M,24.58B,864.00M,2013-03,1.69B,314.00M,-61.00M,-61.00M,18.15B,862.00M,6.379B,634.00M,2.054B,540.00M,180.00M,52.00M,2.188B,56.00M,13.89B,29.45B,788.00M,5.626B,2.652B,12.33B,23.82B,9.674B,230.00M,1.551B,765.00M
NEM,2012-12,490.00M,1.647B,1.508B,10.00M,65.00M,1.35,1.34,324.00M,0,1.064B,2012-12,1.979B,666.00M,-56.00M,-56.00M,18.01B,858.00M,6.288B,813.00M,2.487B,804.00M,130.00M,90.00M,2.572B,50.00M,13.77B,29.65B,787.00M,5.945B,3.141B,12.70B,23.70B,9.561B,251.00M,1.905B,970.00M
NEM,2012-09,595.00M,1.638B,1.36B,25.00M,58.00M,0.74,0.74,327.00M,0,1.12B,2012-09,1.562B,367.00M,-65.00M,-65.00M,17.47B,2.186B,6.099B,796.00M,2.015B,717.00M,228.00M,74.00M,2.48B,51.00M,13.36B,29.52B,786.00M,5.324B,2.571B,13.01B,24.20B,10.44B,324.00M,1.421B,1.42B
NEM,2012-06,361.00M,2.029B,1.25B,40.00M,54.00M,0.56,0.56,330.00M,0,979.00M,2012-06,1.601B,279.00M,-69.00M,-69.00M,16.94B,2.056B,7.358B,623.00M,1.82B,557.00M,175.00M,82.00M,2.229B,57.00M,12.91B,28.66B,786.00M,5.272B,2.367B,12.67B,23.39B,10.30B,356.00M,1.218B,1.042B
NEM,2012-03,658.00M,2.791B,1.248B,69.00M,57.00M,0.99,0.97,332.00M,0,1.435B,2012-03,1.443B,490.00M,-47.00M,-47.00M,16.36B,2.10B,7.344B,1.09B,2.025B,1.036B,343.00M,102.00M,2.683B,54.00M,13.08B,28.96B,785.00M,6.092B,2.571B,12.90B,22.87B,10.32B,345.00M,1.426B,1.244B
NEM,2011-12,652.00M,1.854B,2.061B,689.00M,50.00M,-2.08,-2.08,335.00M,0,704.00M,2011-12,1.51B,-1.028B,-48.00M,-48.00M,15.88B,784.00M,3.624B,1.122B,2.234B,-1.046B,-150.00M,80.00M,2.765B,-65.00M,12.90B,26.11B,784.00M,5.388B,3.94B,10.34B,20.72B,6.40B,-418.00M,1.70B,632.00M
NEM,2011-09,462.00M,2.229B,1.008B,578.00M,15.00M,1,0.98,337.00M,0,1.736B,2011-09,720.00M,493.00M,-63.00M,-63.00M,17.02B,2.592B,3.659B,1.177B,2.987B,1.036B,371.00M,99.00M,2.744B,74.00M,13.86B,29.14B,781.00M,6.36B,4.475B,12.44B,22.78B,7.96B,559.00M,2.448B,571.00M
NEM,2011-06,1.31B,2.058B,917.00M,539.00M,18.00M,0.78,0.77,339.00M,0,1.467B,2011-06,1.367B,387.00M,-61.00M,-61.00M,16.66B,2.735B,3.771B,949.00M,2.451B,847.00M,187.00M,86.00M,2.384B,93.00M,14.33B,28.64B,780.00M,5.899B,3.44B,11.64B,22.74B,8.205B,518.00M,1.945B,1.719B
NEM,2011-03,1.389B,4.662B,940.00M,754.00M,58.00M,1.04,1.03,342.00M,0,1.525B,2011-03,1.264B,514.00M,-61.00M,-61.00M,13.07B,1.531B,3.676B,1.08B,2.304B,973.00M,305.00M,68.00M,2.465B,59.00M,14.09B,26.85B,779.00M,7.884B,3.501B,10.23B,18.97B,6.732B,445.00M,1.804B,1.365B
