Ticker,Date,Accrued Comprehensive Inc,Cash and Short Term Investments,Cost of Goods Sold,Current Debt & Capital Lease Obligation,EPS Basic,EPS Diluted,Goodwill and Intangibles,Gross PP&E,Gross Profit,Income (Quarterly),Inventories,Net Income,Net Non-Operating Interest Income Expense,Net Operating Interest Income,Net PP&E,Non-Current Deferred Liabilities,Non-Current Portion of LTD and Capital Lease Obligation,Operating Income,Payables and Accrued Expenses,Pre-Tax Income,Provision for Income Taxes,Revenue,SG&A Expense,Shareholders Equity,Total Assets,Total Capital Stock,Total Current Assets,Total Current Liabilities,Total Liabilities,Total Long Term Assets,Total Long Term Liabilities,Total Operating Expenses,Total Payables,Total Receivables
NKE,2021-02,-446.00M,12.53B,5.638B,474.00M,0.92,0.9,513.00M,8.107B,4.719B,2021-02,6.693B,1.449B,-64.00M,-64.00M,8.107B,2.984B,12.38B,1.678B,5.219B,1.636B,187.00M,10.36B,3.041B,11.93B,36.18B,3.00M,24.70B,8.894B,24.25B,11.48B,15.36B,3.041B,2.513B,3.669B
NKE,2020-11,-429.00M,11.81B,6.396B,499.00M,0.8,0.78,493.00M,8.045B,4.847B,2020-11,6.09B,1.251B,-70.00M,-70.00M,8.045B,3.019B,12.31B,1.58B,5.166B,1.456B,205.00M,11.24B,3.267B,10.64B,34.84B,3.00M,23.61B,8.871B,24.20B,11.23B,15.32B,3.267B,2.342B,3.713B
NKE,2020-08,-401.00M,9.48B,5.853B,597.00M,0.97,0.95,495.00M,8.127B,4.741B,2020-08,6.705B,1.518B,-65.00M,-65.00M,8.127B,3.046B,12.37B,1.766B,4.995B,1.715B,197.00M,10.59B,2.975B,9.224B,33.26B,3.00M,21.94B,8.619B,24.03B,11.32B,15.42B,2.975B,2.28B,3.813B
NKE,2020-05,-56.00M,8.787B,3.96B,696.00M,-0.51,-0.51,497.00M,12.76B,2.353B,2020-05,7.367B,-790.00M,-50.00M,-50.00M,7.963B,2.684B,12.32B,-838.00M,4.028B,-804.00M,-14.00M,6.313B,3.191B,8.055B,31.34B,3.00M,20.56B,8.284B,23.29B,10.79B,15.00B,3.191B,2.99B,2.749B
NKE,2020-02,-57.00M,3.182B,5.631B,435.00M,0.54,0.53,498.00M,7.69B,4.473B,2020-02,5.807B,847.00M,-12.00M,-12.00M,7.69B,2.674B,6.221B,1.19B,4.225B,881.00M,34.00M,10.10B,3.283B,9.045B,26.22B,3.00M,15.74B,8.28B,17.18B,10.48B,8.895B,3.283B,3.121B,4.473B
NKE,2019-11,52.00M,3.502B,5.782B,737.00M,0.71,0.7,501.00M,7.55B,4.544B,2019-11,6.199B,1.115B,-12.00M,-12.00M,7.55B,2.802B,6.185B,1.22B,4.678B,1.249B,134.00M,10.33B,3.324B,9.351B,26.60B,3.00M,16.37B,8.264B,17.25B,10.23B,8.987B,3.324B,3.532B,4.792B
NKE,2019-08,180.00M,3.644B,5.789B,683.00M,0.87,0.86,503.00M,7.447B,4.871B,2019-08,5.835B,1.367B,-15.00M,-15.00M,7.447B,2.841B,6.138B,1.543B,4.663B,1.561B,194.00M,10.66B,3.328B,9.20B,26.25B,3.00M,16.23B,8.07B,17.05B,10.02B,8.979B,3.328B,3.55B,4.656B
NKE,2019-05,231.00M,4.663B,5.551B,15.00M,0.63,0.62,437.00M,9.469B,4.633B,2019-05,5.622B,989.00M,-12.00M,-12.00M,4.744B,3.347B,3.464B,1.227B,4.636B,1.243B,254.00M,10.18B,3.406B,9.04B,23.72B,3.00M,16.52B,7.866B,14.68B,7.192B,6.811B,3.406B,3.421B,4.272B
NKE,2019-02,197.00M,4.046B,5.272B,22.00M,0.7,0.68,437.00M,4.688B,4.339B,2019-02,5.415B,1.101B,-12.00M,-12.00M,4.688B,3.214B,3.465B,1.248B,4.354B,1.291B,190.00M,9.611B,3.091B,8.961B,22.92B,3.00M,15.80B,7.281B,13.96B,7.125B,6.679B,3.091B,3.095B,4.549B
NKE,2018-11,209.00M,4.041B,5.269B,15.00M,0.54,0.52,438.00M,4.588B,4.105B,2018-11,5.388B,847.00M,-14.00M,-14.00M,4.588B,3.204B,3.466B,963.00M,4.591B,997.00M,150.00M,9.374B,3.142B,8.729B,22.68B,3.00M,15.57B,7.278B,13.95B,7.111B,6.67B,3.142B,3.407B,4.346B
NKE,2018-08,-30.00M,4.269B,5.551B,19.00M,0.69,0.67,438.00M,4.487B,4.397B,2018-08,5.227B,1.092B,-11.00M,-11.00M,4.487B,3.316B,3.467B,1.334B,4.357B,1.27B,178.00M,9.948B,3.063B,8.992B,22.48B,3.00M,15.50B,6.708B,13.49B,6.982B,6.783B,3.063B,3.095B,4.33B
NKE,2018-05,-92.00M,5.245B,5.411B,342.00M,0.7081,0.6928,439.00M,8.891B,4.378B,2018-05,5.261B,1.137B,-12.00M,-12.00M,4.454B,3.216B,3.468B,1.258B,4.149B,1.215B,78.00M,9.789B,3.12B,9.812B,22.54B,3.00M,15.13B,6.04B,12.72B,7.402B,6.684B,3.12B,2.973B,3.498B
NKE,2018-02,-624.00M,4.751B,5.046B,17.00M,-0.57,-0.57,421.00M,4.298B,3.938B,2018-02,5.366B,-921.00M,-13.00M,-13.00M,4.298B,3.518B,3.469B,1.171B,3.987B,1.159B,2.08B,8.984B,2.767B,9.782B,22.55B,3.00M,15.36B,5.783B,12.77B,7.197B,6.987B,2.767B,2.607B,3.792B
NKE,2017-11,-587.00M,6.389B,4.876B,1.239B,0.47,0.46,421.00M,4.117B,3.678B,2017-11,5.326B,767.00M,-13.00M,-13.00M,4.117B,2.075B,3.472B,910.00M,4.021B,879.00M,112.00M,8.554B,2.768B,11.76B,24.06B,3.00M,16.58B,6.75B,12.30B,7.473B,5.547B,2.768B,2.818B,3.613B
NKE,2017-08,-586.00M,5.519B,5.108B,342.00M,0.58,0.57,422.00M,4.086B,3.962B,2017-08,5.211B,950.00M,-16.00M,-16.00M,4.086B,2.126B,3.472B,1.106B,3.966B,1.072B,122.00M,9.07B,2.856B,11.99B,23.65B,3.00M,16.19B,6.056B,11.65B,7.455B,5.598B,2.856B,2.751B,3.871B
NKE,2017-05,-213.00M,6.179B,4.854B,331.00M,0.61,0.6,422.00M,7.958B,3.823B,2017-05,5.055B,1.008B,-18.00M,-18.00M,3.989B,1.907B,3.471B,1.158B,3.708B,1.168B,160.00M,8.677B,2.665B,12.41B,23.26B,3.00M,16.06B,5.474B,10.85B,7.198B,5.378B,2.665B,2.628B,3.677B
NKE,2017-02,229.00M,6.16B,4.682B,29.00M,0.69,0.68,422.00M,3.793B,3.75B,2017-02,4.932B,1.141B,-19.00M,-19.00M,3.793B,1.687B,3.472B,1.254B,3.662B,1.323B,182.00M,8.432B,2.496B,12.72B,23.15B,3.00M,16.20B,5.271B,10.43B,6.947B,5.159B,2.496B,2.506B,3.752B
NKE,2016-11,399.00M,5.943B,4.564B,64.00M,0.5075,0.4973,422.00M,3.566B,3.616B,2016-11,5.033B,842.00M,-15.00M,-15.00M,3.566B,1.631B,3.473B,1.111B,3.716B,1.114B,272.00M,8.18B,2.505B,12.32B,22.65B,3.00M,16.01B,5.225B,10.33B,6.641B,5.104B,2.505B,2.608B,3.478B
NKE,2016-08,85.00M,4.787B,4.938B,66.00M,0.75,0.73,423.00M,3.572B,4.123B,2016-08,4.896B,1.249B,-7.00M,-7.00M,3.572B,1.635B,1.993B,1.226B,3.812B,1.281B,32.00M,9.061B,2.897B,12.16B,21.16B,3.00M,14.59B,5.363B,8.991B,6.567B,3.628B,2.897B,2.638B,3.526B
NKE,2016-05,318.00M,5.457B,4.458B,45.00M,0.5,0.49,412.00M,7.038B,3.786B,2016-05,4.838B,846.00M,-5.00M,-5.00M,3.52B,1.77B,1.993B,1.02B,3.71B,1.073B,227.00M,8.244B,2.766B,12.26B,21.38B,3.00M,15.02B,5.358B,9.121B,6.354B,3.763B,2.766B,2.706B,3.241B
NKE,2016-02,645.00M,5.106B,4.343B,7.00M,0.56,0.55,412.00M,3.329B,3.689B,2016-02,4.59B,950.00M,-5.00M,-5.00M,3.329B,1.659B,2.048B,1.123B,3.28B,1.135B,185.00M,8.032B,2.566B,12.30B,20.99B,3.00M,15.26B,4.98B,8.687B,5.731B,3.707B,2.566B,2.191B,3.368B
NKE,2015-11,1.107B,6.116B,4.185B,104.00M,0.46,0.45,412.00M,3.235B,3.501B,2015-11,4.60B,785.00M,-5.00M,-5.00M,3.235B,1.60B,2.067B,941.00M,3.483B,970.00M,185.00M,7.686B,2.56B,13.40B,22.58B,3.00M,16.76B,5.511B,9.178B,5.828B,3.667B,2.56B,2.421B,3.437B
NKE,2015-08,833.00M,5.408B,4.419B,129.00M,0.69,0.67,412.00M,3.112B,3.995B,2015-08,4.414B,1.179B,-4.00M,-4.00M,3.112B,1.517B,1.079B,1.418B,3.496B,1.445B,266.00M,8.414B,2.577B,12.89B,20.77B,3.00M,15.24B,5.276B,7.872B,5.528B,2.596B,2.577B,2.465B,3.288B
NKE,2015-05,1.246B,5.924B,4.186B,181.00M,0.505,0.49,412.00M,6.352B,3.593B,2015-05,4.337B,865.00M,-4.00M,-4.00M,3.011B,1.479B,1.079B,998.00M,3.636B,1.052B,187.00M,7.779B,2.595B,12.71B,21.60B,3.00M,15.59B,6.332B,8.89B,6.01B,2.558B,2.595B,2.614B,3.358B
NKE,2015-02,1.111B,5.361B,4.034B,169.00M,0.4591,0.4475,412.00M,2.862B,3.426B,2015-02,4.246B,791.00M,-6.00M,-6.00M,2.862B,1.505B,1.082B,1.047B,3.317B,1.046B,255.00M,7.46B,2.379B,12.37B,20.54B,3.00M,15.21B,5.586B,8.173B,5.334B,2.587B,2.379B,2.332B,3.294B
NKE,2014-11,525.00M,4.713B,4.053B,203.00M,0.38,0.37,412.00M,2.927B,3.327B,2014-11,4.15B,655.00M,-9.00M,-9.00M,2.927B,1.446B,1.084B,889.00M,3.548B,878.00M,223.00M,7.38B,2.438B,11.70B,19.17B,3.00M,14.03B,4.937B,7.467B,5.134B,2.53B,2.438B,2.599B,3.457B
NKE,2014-08,224.00M,4.579B,4.261B,152.00M,0.555,0.545,413.00M,2.895B,3.721B,2014-08,4.03B,962.00M,-9.00M,-9.00M,2.895B,1.408B,1.195B,1.241B,3.602B,1.229B,267.00M,7.982B,2.48B,11.10B,18.52B,3.00M,13.54B,4.813B,7.416B,4.981B,2.603B,2.48B,2.659B,3.587B
NKE,2014-05,85.00M,5.142B,4.04B,174.00M,0.4,0.39,413.00M,6.22B,3.385B,2014-05,3.947B,698.00M,-8.00M,-8.00M,2.834B,1.544B,1.199B,937.00M,3.658B,912.00M,214.00M,7.425B,2.448B,10.82B,18.59B,3.00M,13.70B,5.027B,7.77B,4.898B,2.743B,2.448B,2.775B,3.434B
NKE,2014-02,33.00M,5.029B,3.869B,126.00M,0.385,0.375,517.00M,2.736B,3.103B,2014-02,3.825B,682.00M,-9.00M,-9.00M,2.736B,1.515B,1.201B,934.00M,2.787B,880.00M,198.00M,6.972B,2.169B,11.13B,17.80B,3.00M,13.41B,3.954B,6.67B,4.393B,2.716B,2.169B,1.924B,3.355B
NKE,2013-11,90.00M,5.187B,3.605B,187.00M,0.3,0.295,516.00M,2.645B,2.826B,2013-11,3.695B,534.00M,-8.00M,-8.00M,2.645B,1.424B,1.201B,735.00M,2.777B,714.00M,180.00M,6.431B,2.091B,11.34B,17.82B,3.00M,13.61B,3.851B,6.476B,4.213B,2.625B,2.091B,2.056B,3.208B
NKE,2013-08,177.00M,5.578B,3.839B,168.00M,0.44,0.43,514.00M,2.557B,3.132B,2013-08,3.472B,779.00M,-8.00M,-8.00M,2.557B,1.322B,1.207B,1.074B,2.83B,1.038B,259.00M,6.971B,2.058B,11.28B,17.67B,3.00M,13.62B,3.863B,6.392B,4.056B,2.529B,2.058B,2.168B,3.207B
NKE,2013-05,274.00M,5.965B,3.757B,155.00M,0.375,0.365,420.00M,5.50B,2.94B,2013-05,3.484B,655.00M,-3.00M,-3.00M,2.452B,1.292B,1.21B,902.00M,2.778B,886.00M,203.00M,6.697B,2.038B,11.08B,17.54B,3.00M,13.63B,3.962B,6.464B,3.915B,2.502B,2.038B,2.133B,3.117B
NKE,2013-02,231.00M,4.042B,3.451B,160.00M,0.485,0.475,507.00M,5.37B,2.736B,2013-02,3.329B,866.00M,2.00M,2.00M,2.26B,1.287B,161.00M,873.00M,2.37B,858.00M,196.00M,6.187B,1.863B,10.67B,15.62B,3.00M,11.79B,3.50B,4.948B,3.826B,1.448B,1.863B,1.788B,3.232B
NKE,2012-11,138.00M,3.525B,3.425B,158.00M,0.215,0.21,505.00M,5.31B,2.53B,2012-11,3.318B,384.00M,1.00M,1.00M,2.258B,1.188B,170.00M,694.00M,2.646B,712.00M,191.00M,5.955B,1.836B,10.01B,15.17B,3.00M,11.44B,3.799B,5.157B,3.736B,1.358B,1.836B,1.99B,3.188B
NKE,2012-08,111.00M,3.267B,3.646B,138.00M,0.31,0.305,738.00M,5.359B,2.828B,2012-08,3.411B,567.00M,3.00M,3.00M,2.291B,1.065B,226.00M,769.00M,2.899B,800.00M,215.00M,6.474B,2.059B,10.05B,15.11B,3.00M,11.14B,3.776B,5.067B,3.978B,1.291B,2.059B,1.826B,3.431B
NKE,2012-05,149.00M,3.757B,3.567B,157.00M,0.3,0.2925,501.00M,5.057B,2.669B,2012-05,3.222B,537.00M,-1.00M,-1.00M,2.209B,974.00M,228.00M,759.00M,2.521B,721.00M,174.00M,6.236B,1.91B,10.38B,15.46B,3.00M,11.84B,3.882B,5.084B,3.62B,1.202B,1.91B,1.948B,3.132B
NKE,2012-02,243.00M,3.197B,3.171B,140.00M,0.305,0.3,736.00M,5.172B,2.485B,2012-02,3.356B,560.00M,0,0,2.205B,979.00M,229.00M,777.00M,3.27B,787.00M,218.00M,5.656B,1.708B,10.18B,14.79B,3.00M,10.93B,3.41B,4.618B,3.862B,1.208B,1.708B,1.357B,3.296B
NKE,2011-11,215.00M,3.365B,3.17B,237.00M,0.255,0.25,733.00M,5.064B,2.376B,2011-11,3.164B,469.00M,-3.00M,-3.00M,2.177B,925.00M,234.00M,645.00M,2.49B,632.00M,152.00M,5.546B,1.731B,9.843B,14.56B,3.00M,10.72B,3.563B,4.722B,3.84B,1.159B,1.731B,1.848B,3.103B
NKE,2011-08,105.00M,3.70B,3.388B,280.00M,0.3475,0.34,740.00M,5.034B,2.693B,2011-08,3.107B,645.00M,0,0,2.166B,906.00M,238.00M,870.00M,3.034B,852.00M,207.00M,6.081B,1.823B,9.899B,14.80B,3.00M,11.04B,3.76B,4.904B,3.764B,1.144B,1.823B,1.927B,3.279B
NKE,2011-05,95.00M,4.538B,2.773B,387.00M,0.315,0.31,692.00M,4.906B,2.248B,2011-05,2.715B,594.00M,-4.00M,-4.00M,2.115B,921.00M,276.00M,808.00M,3.571B,791.00M,158.00M,5.021B,1.44B,9.843B,15.00B,3.00M,11.30B,3.958B,5.155B,3.701B,1.197B,1.44B,1.586B,3.138B
