Ticker,Date,Accrued Comprehensive Inc,Cash and Short Term Investments,Cost of Goods Sold,Current Debt & Capital Lease Obligation,Current Deferred Liabilities,EPS Basic,EPS Diluted,Goodwill and Intangibles,Gross PP&E,Gross Profit,Income (Quarterly),Net Income,Net Non-Operating Interest Income Expense,Net Operating Interest Income,Net PP&E,Non-Current Deferred Liabilities,Non-Current Portion of LTD and Capital Lease Obligation,Operating Income,Payables and Accrued Expenses,Pre-Tax Income,Provision for Income Taxes,Revenue,SG&A Expense,Shareholders Equity,Total Assets,Total Capital Stock,Total Current Assets,Total Current Liabilities,Total Liabilities,Total Long Term Assets,Total Long Term Liabilities,Total Operating Expenses,Total Payables,Total Receivables
NLSN,2020-12,-1.105B,610.00M,712.00M,293.00M,370.00M,0.1,0.1,10.51B,1.999B,960.00M,2020-12,35.00M,-93.00M,-93.00M,825.00M,953.00M,8.372B,296.00M,791.00M,61.00M,25.00M,1.672B,455.00M,2.051B,14.14B,32.00M,2.224B,1.914B,11.89B,11.91B,9.978B,664.00M,274.00M,1.154B
NLSN,2020-09,-1.105B,2.25B,663.00M,1.885B,324.00M,0.02,0.02,10.64B,759.00M,900.00M,2020-09,7.00M,-92.00M,-92.00M,759.00M,1.004B,8.488B,232.00M,1.212B,79.00M,69.00M,1.563B,451.00M,2.032B,15.78B,32.00M,3.778B,3.421B,13.56B,12.00B,10.13B,668.00M,1.212B,1.094B
NLSN,2020-06,-1.112B,438.00M,664.00M,291.00M,361.00M,-0.08,-0.08,10.68B,779.00M,832.00M,2020-06,-30.00M,-91.00M,-91.00M,779.00M,1.016B,8.502B,157.00M,1.10B,-64.00M,-38.00M,1.496B,451.00M,2.021B,14.12B,32.00M,2.073B,1.752B,11.92B,12.05B,10.16B,675.00M,1.10B,1.131B
NLSN,2020-03,-1.13B,359.00M,721.00M,1.054B,402.00M,-0.05,-0.05,10.78B,804.00M,838.00M,2020-03,-18.00M,-93.00M,-93.00M,804.00M,1.031B,7.722B,109.00M,1.112B,-2.00M,11.00M,1.559B,515.00M,2.044B,14.19B,32.00M,2.014B,2.568B,11.96B,12.18B,9.394B,729.00M,1.112B,1.182B
NLSN,2019-12,-1.005B,454.00M,734.00M,914.00M,345.00M,-0.31,-0.31,10.87B,1.987B,957.00M,2019-12,-109.00M,-96.00M,-96.00M,859.00M,1.052B,7.765B,252.00M,854.00M,-43.00M,65.00M,1.691B,499.00M,2.195B,14.32B,32.00M,1.977B,2.501B,11.93B,12.34B,9.43B,705.00M,290.00M,1.103B
NLSN,2019-09,-1.166B,389.00M,694.00M,298.00M,316.00M,-1.33,-1.33,10.88B,848.00M,922.00M,2019-09,-472.00M,-99.00M,-99.00M,848.00M,1.068B,8.582B,269.00M,1.161B,-848.00M,-380.00M,1.616B,467.00M,2.155B,14.34B,32.00M,1.947B,1.775B,11.99B,12.40B,10.22B,653.00M,1.161B,1.146B
NLSN,2019-06,-1.115B,393.00M,699.00M,412.00M,363.00M,0.35,0.34,12.00B,903.00M,929.00M,2019-06,123.00M,-99.00M,-99.00M,903.00M,1.078B,8.651B,261.00M,1.114B,149.00M,23.00M,1.628B,483.00M,2.789B,15.59B,32.00M,2.026B,1.889B,12.60B,13.56B,10.71B,668.00M,1.114B,1.227B
NLSN,2019-03,-1.104B,402.00M,695.00M,385.00M,376.00M,0.12,0.12,12.03B,979.00M,868.00M,2019-03,43.00M,-97.00M,-97.00M,979.00M,1.10B,8.71B,209.00M,1.156B,79.00M,32.00M,1.563B,480.00M,2.79B,15.74B,32.00M,2.047B,1.917B,12.75B,13.70B,10.84B,659.00M,1.156B,1.221B
NLSN,2018-12,-1.11B,524.00M,707.00M,107.00M,355.00M,-2.68,-2.68,12.01B,1.501B,951.00M,2018-12,-952.00M,-97.00M,-97.00M,468.00M,1.108B,8.28B,273.00M,874.00M,-1.274B,-324.00M,1.658B,507.00M,2.847B,15.18B,32.00M,2.003B,1.657B,12.14B,13.18B,10.48B,678.00M,364.00M,1.118B
NLSN,2018-09,-1.01B,446.00M,681.00M,307.00M,345.00M,0.27,0.27,13.51B,0,919.00M,2018-09,96.00M,-97.00M,-97.00M,461.00M,1.406B,8.304B,280.00M,1.142B,157.00M,59.00M,1.60B,464.00M,4.017B,16.64B,32.00M,2.047B,1.794B,12.42B,14.59B,10.63B,639.00M,1.142B,1.249B
NLSN,2018-06,-1.015B,394.00M,698.00M,343.00M,361.00M,0.2,0.2,13.51B,1.486B,949.00M,2018-06,72.00M,-98.00M,-98.00M,471.00M,1.416B,8.321B,293.00M,1.085B,121.00M,44.00M,1.647B,494.00M,4.049B,16.70B,32.00M,2.12B,1.789B,12.45B,14.58B,10.66B,656.00M,1.085B,1.32B
NLSN,2018-03,-886.00M,462.00M,719.00M,360.00M,389.00M,0.2,0.2,13.61B,1.296B,891.00M,2018-03,72.00M,-94.00M,-94.00M,468.00M,1.423B,8.286B,231.00M,1.09B,114.00M,39.00M,1.61B,493.00M,4.258B,16.92B,32.00M,2.264B,1.839B,12.46B,14.66B,10.63B,660.00M,1.09B,1.374B
NLSN,2017-12,-940.00M,656.00M,734.00M,84.00M,361.00M,0.23,0.23,13.57B,0,1.027B,2017-12,81.00M,-96.00M,-96.00M,482.00M,1.435B,8.357B,386.00M,962.00M,246.00M,162.00M,1.761B,478.00M,4.245B,16.87B,32.00M,2.282B,1.697B,12.42B,14.58B,10.73B,641.00M,407.00M,1.28B
NLSN,2017-09,-979.00M,662.00M,692.00M,67.00M,328.00M,0.41,0.41,13.39B,0,949.00M,2017-09,146.00M,-94.00M,-94.00M,458.00M,1.219B,8.377B,341.00M,1.213B,242.00M,92.00M,1.641B,448.00M,4.259B,16.58B,32.00M,2.272B,1.608B,12.12B,14.31B,10.52B,608.00M,1.213B,1.282B
NLSN,2017-06,-1.051B,510.00M,678.00M,163.00M,352.00M,0.37,0.37,13.35B,0,966.00M,2017-06,131.00M,-91.00M,-91.00M,454.00M,1.245B,8.36B,330.00M,1.06B,224.00M,91.00M,1.644B,474.00M,4.191B,16.49B,32.00M,2.217B,1.575B,12.10B,14.28B,10.53B,636.00M,1.06B,1.367B
NLSN,2017-03,-1.134B,451.00M,661.00M,236.00M,364.00M,0.2,0.2,13.30B,0,865.00M,2017-03,71.00M,-89.00M,-89.00M,464.00M,1.272B,8.18B,237.00M,1.035B,116.00M,43.00M,1.526B,473.00M,4.123B,16.33B,32.00M,2.101B,1.635B,12.02B,14.23B,10.38B,628.00M,1.035B,1.287B
NLSN,2016-12,-1.211B,754.00M,670.00M,188.00M,297.00M,0.44,0.44,12.58B,0,986.00M,2016-12,159.00M,-85.00M,-85.00M,471.00M,1.175B,7.738B,360.00M,826.00M,261.00M,101.00M,1.656B,473.00M,4.102B,15.73B,32.00M,2.222B,1.594B,11.44B,13.51B,9.843B,626.00M,335.00M,1.171B
NLSN,2016-09,-1.021B,446.00M,642.00M,578.00M,301.00M,0.36,0.36,12.80B,0,928.00M,2016-09,130.00M,-84.00M,-84.00M,485.00M,1.022B,7.379B,325.00M,1.132B,214.00M,82.00M,1.57B,452.00M,4.246B,15.70B,32.00M,2.051B,2.011B,11.26B,13.65B,9.254B,603.00M,1.132B,1.24B
NLSN,2016-06,-1.011B,346.00M,654.00M,1.075B,324.00M,0.31,0.31,12.83B,0,942.00M,2016-06,113.00M,-82.00M,-82.00M,478.00M,1.038B,6.933B,316.00M,1.016B,196.00M,82.00M,1.596B,474.00M,4.275B,15.72B,32.00M,2.035B,2.415B,11.25B,13.68B,8.835B,626.00M,1.016B,1.313B
NLSN,2016-03,-969.00M,432.00M,641.00M,189.00M,316.00M,0.28,0.27,12.69B,0,846.00M,2016-03,100.00M,-78.00M,-78.00M,482.00M,1.024B,7.471B,234.00M,999.00M,145.00M,44.00M,1.487B,465.00M,4.516B,15.59B,32.00M,2.054B,1.504B,10.88B,13.53B,9.372B,612.00M,999.00M,1.239B
NLSN,2015-12,-1.059B,357.00M,654.00M,310.00M,322.00M,0.69,0.68,12.56B,1.27B,970.00M,2015-12,251.00M,-79.00M,-79.00M,490.00M,1.074B,7.028B,318.00M,796.00M,433.00M,177.00M,1.624B,510.00M,4.433B,15.30B,32.00M,1.908B,1.687B,10.68B,13.40B,8.989B,652.00M,258.00M,1.235B
NLSN,2015-09,-1.046B,358.00M,615.00M,339.00M,299.00M,0.39,0.38,12.24B,1.379B,916.00M,2015-09,142.00M,-78.00M,-78.00M,486.00M,993.00M,7.114B,313.00M,1.117B,225.00M,82.00M,1.531B,459.00M,4.426B,15.28B,32.00M,2.106B,1.755B,10.78B,13.17B,9.024B,603.00M,1.117B,1.163B
NLSN,2015-06,-898.00M,331.00M,648.00M,331.00M,332.00M,0.31,0.31,12.39B,1.276B,911.00M,2015-06,114.00M,-78.00M,-78.00M,508.00M,1.017B,7.142B,300.00M,970.00M,202.00M,86.00M,1.559B,465.00M,4.677B,15.46B,32.00M,2.114B,1.633B,10.71B,13.35B,9.08B,611.00M,970.00M,1.227B
NLSN,2015-03,-940.00M,343.00M,622.00M,188.00M,320.00M,0.17,0.17,12.38B,0,836.00M,2015-03,63.00M,-72.00M,-72.00M,512.00M,1.026B,7.159B,213.00M,930.00M,101.00M,38.00M,1.458B,481.00M,4.768B,15.39B,32.00M,2.065B,1.438B,10.54B,13.32B,9.107B,623.00M,930.00M,1.168B
NLSN,2014-12,-777.00M,273.00M,653.00M,393.00M,304.00M,0.43,0.42,12.39B,0,980.00M,2014-12,161.00M,-71.00M,-71.00M,533.00M,1.025B,6.419B,354.00M,805.00M,198.00M,34.00M,1.633B,478.00M,5.056B,15.33B,32.00M,2.011B,1.794B,10.19B,13.32B,8.399B,626.00M,285.00M,1.241B
NLSN,2014-09,-509.00M,369.00M,648.00M,112.00M,312.00M,0.24,0.24,12.43B,0,924.00M,2014-09,91.00M,-73.00M,-73.00M,525.00M,839.00M,6.508B,317.00M,1.118B,187.00M,95.00M,1.572B,468.00M,5.615B,15.36B,32.00M,1.982B,1.542B,9.661B,13.38B,8.119B,607.00M,1.118B,1.189B
NLSN,2014-06,-349.00M,310.00M,677.00M,136.00M,339.00M,0.19,0.19,12.61B,0,917.00M,2014-06,74.00M,-77.00M,-77.00M,530.00M,859.00M,6.556B,290.00M,1.028B,149.00M,74.00M,1.594B,482.00M,5.762B,15.56B,32.00M,1.987B,1.503B,9.712B,13.57B,8.209B,627.00M,1.028B,1.266B
NLSN,2014-03,-390.00M,301.00M,642.00M,185.00M,345.00M,0.15,0.15,12.63B,0,847.00M,2014-03,58.00M,-76.00M,-76.00M,530.00M,871.00M,6.461B,217.00M,1.001B,87.00M,33.00M,1.489B,489.00M,5.716B,15.47B,32.00M,1.933B,1.531B,9.676B,13.54B,8.145B,630.00M,1.001B,1.186B
NLSN,2013-12,-387.00M,564.00M,666.00M,148.00M,306.00M,0.38,0.38,12.46B,0,945.00M,2013-12,145.00M,-80.00M,-80.00M,560.00M,864.00M,6.492B,294.00M,752.00M,147.00M,-13.00M,1.611B,505.00M,5.729B,15.53B,32.00M,2.134B,1.535B,9.723B,13.40B,8.188B,651.00M,198.00M,1.196B
NLSN,2013-09,-379.00M,737.00M,573.00M,361.00M,324.00M,0.35,0.35,12.54B,0,814.00M,2013-09,134.00M,-77.00M,-77.00M,555.00M,1.136B,6.521B,263.00M,1.089B,171.00M,40.00M,1.387B,434.00M,5.666B,15.72B,32.00M,2.211B,1.774B,10.00B,13.50B,8.229B,551.00M,1.089B,1.138B
NLSN,2013-06,-432.00M,1.157B,580.00M,335.00M,281.00M,1.14,1.12,11.02B,1.307B,806.00M,2013-06,426.00M,-73.00M,-73.00M,535.00M,951.00M,5.92B,246.00M,918.00M,161.00M,46.00M,1.386B,434.00M,5.533B,14.54B,31.00M,2.541B,1.534B,8.96B,12.00B,7.426B,560.00M,918.00M,1.104B
NLSN,2013-03,-353.00M,233.00M,579.00M,372.00M,345.00M,0.09,0.09,11.84B,1.29B,740.00M,2013-03,35.00M,-77.00M,-77.00M,537.00M,996.00M,5.948B,177.00M,922.00M,41.00M,18.00M,1.319B,442.00M,5.199B,14.42B,31.00M,1.609B,1.639B,9.168B,12.81B,7.529B,563.00M,922.00M,1.076B
NLSN,2012-12,-333.00M,288.00M,576.00M,355.00M,373.00M,0.11,0.11,11.91B,0,865.00M,2012-12,39.00M,-88.00M,-88.00M,560.00M,1.006B,6.229B,310.00M,748.00M,68.00M,29.00M,1.441B,429.00M,4.93B,14.58B,30.00M,1.676B,1.751B,9.607B,12.91B,7.856B,555.00M,206.00M,1.11B
NLSN,2012-09,-236.00M,325.00M,550.00M,428.00M,370.00M,0.29,0.29,11.83B,0,801.00M,2012-09,105.00M,-99.00M,-99.00M,555.00M,936.00M,6.252B,248.00M,1.008B,145.00M,58.00M,1.351B,429.00M,4.976B,14.50B,30.00M,1.683B,1.806B,9.515B,12.81B,7.709B,553.00M,1.008B,1.079B
NLSN,2012-06,-301.00M,283.00M,549.00M,324.00M,405.00M,0.29,0.28,11.74B,0,793.00M,2012-06,104.00M,-100.00M,-100.00M,572.00M,942.00M,6.519B,245.00M,902.00M,135.00M,37.00M,1.342B,428.00M,4.781B,14.40B,30.00M,1.644B,1.631B,9.62B,12.76B,7.989B,548.00M,902.00M,1.089B
NLSN,2012-03,-211.00M,295.00M,564.00M,293.00M,424.00M,0.07,0.07,11.78B,0,770.00M,2012-03,25.00M,-105.00M,-105.00M,611.00M,972.00M,6.563B,194.00M,965.00M,37.00M,8.00M,1.334B,447.00M,4.764B,14.54B,30.00M,1.649B,1.682B,9.765B,12.89B,8.083B,576.00M,965.00M,1.057B
NLSN,2011-12,-299.00M,319.00M,515.00M,144.00M,443.00M,0.27,0.26,11.72B,0,702.00M,2011-12,95.00M,-80.00M,-80.00M,609.00M,996.00M,6.619B,220.00M,814.00M,122.00M,57.00M,1.217B,376.00M,4.633B,14.50B,30.00M,1.665B,1.692B,9.863B,12.84B,8.171B,482.00M,260.00M,1.08B
NLSN,2011-09,-258.00M,404.00M,554.00M,204.00M,425.00M,0.28,0.28,11.72B,0,859.00M,2011-09,102.00M,-112.00M,-112.00M,557.00M,916.00M,6.807B,274.00M,1.059B,149.00M,44.00M,1.413B,460.00M,4.543B,14.50B,30.00M,1.70B,1.688B,9.944B,12.80B,8.256B,585.00M,1.059B,1.052B
NLSN,2011-06,-40.00M,374.00M,570.00M,225.00M,465.00M,0.19,0.1895,11.93B,0,826.00M,2011-06,69.00M,-112.00M,-112.00M,595.00M,943.00M,6.963B,241.00M,1.082B,105.00M,39.00M,1.396B,450.00M,4.64B,14.87B,30.00M,1.764B,1.772B,10.22B,13.11B,8.447B,585.00M,1.082B,1.136B
NLSN,2011-03,-48.00M,396.00M,549.00M,149.00M,447.00M,-0.55,-0.55,11.85B,0,753.00M,2011-03,-182.00M,-139.00M,-139.00M,586.00M,934.00M,7.05B,74.00M,994.00M,-312.00M,-134.00M,1.302B,543.00M,4.555B,14.69B,30.00M,1.647B,1.59B,10.12B,13.04B,8.534B,679.00M,994.00M,997.00M
