Ticker,Date,Accrued Comprehensive Inc,Cash and Short Term Investments,Cost of Goods Sold,Current Debt & Capital Lease Obligation,Current Deferred Liabilities,EPS Basic,EPS Diluted,Goodwill and Intangibles,Gross PP&E,Gross Profit,Income (Quarterly),Inventories,Net Income,Net Non-Operating Interest Income Expense,Net Operating Interest Income,Net PP&E,Non-Current Deferred Liabilities,Non-Current Portion of LTD and Capital Lease Obligation,Operating Income,Payables and Accrued Expenses,Pre-Tax Income,Provision for Income Taxes,Revenue,SG&A Expense,Shareholders Equity,Total Assets,Total Capital Stock,Total Current Assets,Total Current Liabilities,Total Liabilities,Total Long Term Assets,Total Long Term Liabilities,Total Operating Expenses,Total Payables,Total Receivables
NOC,2020-12,-128.00M,4.907B,8.122B,1.806B,2.517B,1.97,1.97,18.30B,14.94B,2.09B,2020-12,759.00M,330.00M,-160.00M,-160.00M,8.604B,39.00M,15.60B,1.152B,1.806B,305.00M,-25.00M,10.21B,938.00M,10.58B,44.47B,167.00M,15.34B,9.58B,33.89B,29.12B,24.31B,938.00M,1.806B,6.641B
NOC,2020-09,-121.00M,4.995B,7.243B,1.803B,2.235B,5.91,5.89,19.56B,14.92B,1.84B,2020-09,853.00M,986.00M,-154.00M,-154.00M,8.666B,111.00M,15.55B,985.00M,2.197B,1.167B,181.00M,9.083B,855.00M,10.47B,44.77B,167.00M,14.55B,10.11B,34.30B,30.22B,24.20B,855.00M,2.197B,7.681B
NOC,2020-06,-117.00M,4.178B,7.058B,1.79B,2.179B,6.02,6.01,19.62B,14.69B,1.826B,2020-06,832.00M,1.005B,-154.00M,-154.00M,8.591B,140.00M,15.59B,994.00M,2.006B,1.203B,198.00M,8.884B,832.00M,9.712B,43.48B,167.00M,13.18B,9.727B,33.76B,30.30B,24.04B,832.00M,2.006B,7.449B
NOC,2020-03,-116.00M,3.278B,6.898B,0,2.027B,5.18,5.15,19.67B,14.38B,1.722B,2020-03,785.00M,868.00M,-125.00M,-125.00M,8.425B,133.00M,15.58B,934.00M,2.071B,1.053B,185.00M,8.62B,788.00M,9.062B,43.20B,167.00M,13.13B,10.18B,34.14B,30.08B,23.96B,788.00M,2.071B,8.054B
NOC,2019-12,-97.00M,2.245B,6.615B,0,2.237B,-2.39,-2.39,19.75B,14.27B,2.106B,2019-12,783.00M,-409.00M,-130.00M,-130.00M,8.423B,108.00M,14.08B,1.136B,2.226B,-569.00M,-160.00M,8.721B,970.00M,8.819B,41.09B,168.00M,10.68B,9.434B,32.27B,30.40B,22.84B,970.00M,2.226B,6.66B
NOC,2019-09,-87.00M,1.127B,6.748B,0,2.127B,5.52,5.49,19.83B,13.83B,1.727B,2019-09,810.00M,933.00M,-123.00M,-123.00M,8.122B,0,15.13B,951.00M,2.021B,1.055B,122.00M,8.475B,776.00M,9.731B,40.55B,169.00M,10.84B,8.416B,30.82B,29.72B,22.41B,776.00M,2.021B,7.888B
NOC,2019-06,-75.00M,1.088B,6.726B,0,1.942B,5.07,5.06,19.91B,13.43B,1.73B,2019-06,810.00M,861.00M,-137.00M,-137.00M,7.80B,0,14.92B,946.00M,1.962B,1.028B,167.00M,8.456B,784.00M,9.214B,39.58B,169.00M,10.16B,8.155B,30.37B,29.42B,22.22B,784.00M,1.962B,7.489B
NOC,2019-03,-59.00M,755.00M,6.493B,0,1.969B,5.08,5.06,19.99B,13.20B,1.696B,2019-03,778.00M,863.00M,-138.00M,-138.00M,7.703B,0,14.96B,936.00M,1.932B,1.034B,171.00M,8.189B,760.00M,8.739B,39.75B,170.00M,10.44B,8.821B,31.01B,29.31B,22.19B,760.00M,1.932B,7.951B
NOC,2018-12,-52.00M,1.579B,6.469B,0,1.917B,2.11,2.09,20.04B,11.74B,1.687B,2018-12,654.00M,356.00M,-142.00M,-142.00M,6.372B,0,13.88B,943.00M,2.182B,403.00M,47.00M,8.156B,744.00M,8.187B,37.65B,171.00M,9.68B,8.274B,29.47B,27.97B,21.19B,744.00M,2.182B,6.474B
NOC,2018-09,-5.535B,1.228B,6.096B,0,1.686B,7.15,7.11,20.10B,11.33B,1.989B,2018-09,719.00M,1.244B,-133.00M,-133.00M,6.025B,0,13.89B,1.172B,1.939B,1.364B,120.00M,8.085B,817.00M,9.103B,37.94B,174.00M,10.13B,8.039B,28.84B,27.81B,20.80B,817.00M,1.939B,7.302B
NOC,2018-06,-5.616B,1.539B,5.563B,0,1.711B,4.52,4.5,20.08B,11.05B,1.556B,2018-06,690.00M,789.00M,-144.00M,-144.00M,5.864B,0,14.39B,817.00M,1.824B,976.00M,187.00M,7.119B,739.00M,8.227B,37.38B,174.00M,9.722B,7.833B,29.15B,27.66B,21.32B,739.00M,1.824B,7.087B
NOC,2018-03,-5.699B,10.37B,5.176B,0,1.479B,4.82,4.79,12.46B,9.404B,1.559B,2018-03,435.00M,840.00M,-143.00M,-143.00M,4.285B,0,14.39B,848.00M,1.395B,999.00M,159.00M,6.735B,711.00M,7.68B,34.80B,174.00M,16.16B,6.415B,27.12B,18.64B,20.70B,711.00M,1.395B,5.11B
NOC,2017-12,1.00M,11.22B,5.257B,0,1.761B,5.86,5.82,12.51B,9.291B,1.295B,2017-12,398.00M,1.021B,-136.00M,-136.00M,4.225B,0,14.40B,646.00M,1.661B,1.847B,826.00M,6.552B,649.00M,7.132B,35.13B,174.00M,16.59B,7.092B,28.00B,18.54B,20.90B,649.00M,1.661B,4.519B
NOC,2017-09,-5.243B,1.878B,5.053B,0,1.29B,3.69,3.67,12.46B,8.919B,1.516B,2017-09,1.007B,643.00M,-73.00M,-73.00M,3.925B,0,6.227B,837.00M,1.507B,782.00M,139.00M,6.569B,679.00M,6.493B,26.51B,174.00M,7.599B,6.30B,20.02B,18.91B,13.72B,679.00M,1.507B,4.414B
NOC,2017-06,-5.342B,1.383B,4.914B,0,1.34B,3.18,3.16,12.45B,8.767B,1.559B,2017-06,1.039B,555.00M,-76.00M,-76.00M,3.802B,0,6.219B,873.00M,1.385B,812.00M,257.00M,6.473B,686.00M,5.919B,25.81B,174.00M,6.864B,6.186B,19.89B,18.95B,13.71B,686.00M,1.385B,4.28B
NOC,2017-03,-5.441B,1.403B,4.85B,0,1.286B,3.72,3.69,12.45B,8.56B,1.56B,2017-03,933.00M,650.00M,-75.00M,-75.00M,3.656B,0,7.06B,862.00M,1.374B,788.00M,138.00M,6.41B,698.00M,5.558B,25.41B,175.00M,6.568B,5.168B,19.86B,18.84B,14.69B,698.00M,1.374B,4.072B
NOC,2016-12,-5.546B,2.541B,4.986B,0,1.471B,2.1,2.09,12.45B,8.419B,1.609B,2016-12,816.00M,368.00M,-77.00M,-77.00M,3.588B,0,7.058B,915.00M,1.554B,506.00M,138.00M,6.595B,694.00M,5.259B,25.61B,175.00M,6.856B,5.63B,20.36B,18.76B,14.72B,694.00M,1.554B,3.299B
NOC,2016-09,-5.038B,1.103B,4.667B,0,1.306B,3.38,3.35,12.46B,8.279B,1.488B,2016-09,797.00M,602.00M,-74.00M,-74.00M,3.334B,0,6.387B,826.00M,1.325B,769.00M,167.00M,6.155B,662.00M,5.767B,24.10B,177.00M,5.771B,5.106B,18.33B,18.33B,13.23B,662.00M,1.325B,3.659B
NOC,2016-06,-5.132B,1.139B,4.583B,0,1.383B,2.87,2.85,12.46B,8.226B,1.417B,2016-06,973.00M,517.00M,-74.00M,-74.00M,3.299B,0,6.387B,797.00M,1.272B,730.00M,213.00M,6.00B,620.00M,5.681B,24.08B,179.00M,5.781B,5.099B,18.40B,18.30B,13.30B,620.00M,1.272B,3.483B
NOC,2016-03,-5.224B,1.277B,4.561B,0,1.409B,3.07,3.03,12.46B,8.107B,1.395B,2016-03,898.00M,556.00M,-76.00M,-76.00M,3.23B,0,6.387B,739.00M,1.204B,676.00M,120.00M,5.956B,656.00M,5.621B,23.93B,181.00M,5.706B,4.955B,18.31B,18.23B,13.36B,656.00M,1.204B,3.346B
NOC,2015-12,-5.32B,2.319B,4.378B,0,1.537B,2.53,2.5,12.46B,7.913B,1.316B,2015-12,807.00M,459.00M,-75.00M,-75.00M,3.064B,0,6.386B,689.00M,1.282B,621.00M,162.00M,5.694B,627.00M,5.522B,24.42B,181.00M,6.334B,5.457B,18.90B,18.09B,13.44B,627.00M,1.282B,2.841B
NOC,2015-09,-5.099B,1.292B,4.522B,0,1.299B,2.78,2.75,12.46B,7.809B,1.457B,2015-09,856.00M,516.00M,-75.00M,-75.00M,3.005B,0,6.417B,794.00M,1.194B,729.00M,213.00M,5.979B,663.00M,5.697B,23.97B,183.00M,5.951B,5.133B,18.27B,18.02B,13.14B,663.00M,1.194B,3.268B
NOC,2015-06,-5.181B,1.907B,4.442B,0,1.37B,2.77,2.74,12.46B,7.733B,1.454B,2015-06,856.00M,531.00M,-75.00M,-75.00M,3.005B,0,6.417B,813.00M,1.246B,736.00M,205.00M,5.896B,641.00M,6.171B,24.55B,188.00M,6.46B,5.154B,18.38B,18.09B,13.23B,641.00M,1.246B,3.151B
NOC,2015-03,-5.29B,2.646B,4.542B,0,1.43B,2.45,2.41,12.46B,7.637B,1.415B,2015-03,818.00M,484.00M,-76.00M,-76.00M,2.989B,0,6.418B,780.00M,1.248B,704.00M,220.00M,5.957B,635.00M,6.748B,25.27B,195.00M,7.143B,5.284B,18.52B,18.12B,13.23B,635.00M,1.248B,3.131B
NOC,2014-12,-5.356B,3.863B,4.653B,0,1.713B,2.52,2.47,12.47B,7.602B,1.455B,2014-12,742.00M,506.00M,-74.00M,-74.00M,2.991B,0,5.925B,762.00M,1.305B,701.00M,195.00M,6.108B,693.00M,7.235B,26.57B,199.00M,7.78B,5.892B,19.34B,18.79B,13.44B,693.00M,1.305B,2.806B
NOC,2014-09,-2.878B,3.402B,4.635B,0,1.61B,2.29,2.26,12.46B,7.385B,1.349B,2014-09,671.00M,473.00M,-69.00M,-69.00M,2.845B,0,5.926B,769.00M,1.193B,694.00M,221.00M,5.984B,580.00M,9.893B,25.04B,203.00M,8.122B,5.511B,15.15B,16.92B,9.639B,580.00M,1.193B,3.233B
NOC,2014-06,-2.886B,3.476B,4.629B,0,1.588B,2.41,2.37,12.47B,7.289B,1.41B,2014-06,741.00M,511.00M,-70.00M,-70.00M,2.818B,0,5.927B,820.00M,1.178B,756.00M,245.00M,6.039B,590.00M,10.27B,25.35B,209.00M,8.39B,5.414B,15.08B,16.96B,9.669B,590.00M,1.178B,3.28B
NOC,2014-03,-2.921B,3.885B,4.461B,0,1.494B,2.68,2.63,12.47B,7.194B,1.387B,2014-03,781.00M,579.00M,-69.00M,-69.00M,2.793B,0,5.927B,845.00M,1.229B,786.00M,207.00M,5.848B,542.00M,10.57B,25.54B,215.00M,8.604B,5.271B,14.97B,16.93B,9.695B,542.00M,1.229B,3.234B
NOC,2013-12,-2.984B,5.15B,4.828B,0,1.722B,2.17,2.13,12.44B,7.143B,1.329B,2013-12,698.00M,478.00M,-74.00M,-74.00M,2.806B,0,5.928B,768.00M,1.229B,707.00M,229.00M,6.157B,561.00M,10.62B,26.38B,218.00M,9.488B,5.815B,15.76B,16.89B,9.946B,561.00M,1.229B,2.685B
NOC,2013-09,-4.543B,4.944B,4.761B,0,1.698B,2.18,2.14,12.44B,7.068B,1.345B,2013-09,784.00M,497.00M,-70.00M,-70.00M,2.763B,0,5.928B,790.00M,1.221B,720.00M,223.00M,6.106B,555.00M,9.356B,27.40B,224.00M,9.591B,5.762B,18.05B,17.81B,12.29B,555.00M,1.221B,3.003B
NOC,2013-06,-4.635B,4.904B,4.906B,39.00M,1.802B,2.09,2.05,12.44B,7.066B,1.388B,2013-06,745.00M,488.00M,-60.00M,-60.00M,2.783B,0,5.929B,806.00M,1.195B,724.00M,236.00M,6.294B,582.00M,9.558B,27.51B,231.00M,9.564B,5.639B,17.95B,17.94B,12.31B,582.00M,1.195B,3.124B
NOC,2013-03,-4.723B,3.183B,4.787B,42.00M,1.801B,2.07,2.03,12.44B,7.044B,1.317B,2013-03,930.00M,489.00M,-53.00M,-53.00M,2.829B,0,3.937B,759.00M,1.225B,712.00M,223.00M,6.104B,558.00M,9.469B,25.91B,235.00M,7.846B,5.555B,16.44B,18.07B,10.89B,558.00M,1.225B,3.05B
NOC,2012-12,-4.787B,3.862B,4.915B,39.00M,1.759B,2.19,2.14,12.43B,7.033B,1.561B,2012-12,798.00M,533.00M,-54.00M,-54.00M,2.887B,0,3.93B,824.00M,1.392B,787.00M,254.00M,6.476B,737.00M,9.514B,26.54B,239.00M,8.392B,6.056B,17.03B,18.15B,10.97B,737.00M,1.392B,2.858B
NOC,2012-09,-3.334B,3.525B,4.962B,0,1.838B,1.86,1.82,12.37B,7.059B,1.308B,2012-09,627.00M,459.00M,-53.00M,-53.00M,2.895B,0,3.931B,736.00M,2.23B,695.00M,236.00M,6.27B,572.00M,10.95B,25.26B,246.00M,7.902B,5.69B,14.32B,17.36B,8.625B,572.00M,1.194B,2.973B
NOC,2012-06,-3.395B,3.148B,4.92B,0,1.826B,1.91,1.88,12.34B,7.029B,1.354B,2012-06,704.00M,480.00M,-52.00M,-52.00M,2.935B,0,3.932B,774.00M,1.191B,727.00M,247.00M,6.274B,580.00M,10.72B,25.23B,248.00M,7.70B,5.608B,14.51B,17.53B,8.903B,580.00M,1.191B,3.119B
NOC,2012-03,-3.434B,2.682B,4.841B,0,1.756B,2,1.96,12.37B,7.011B,1.357B,2012-03,804.00M,506.00M,-53.00M,-53.00M,2.993B,0,3.933B,796.00M,1.226B,756.00M,250.00M,6.198B,561.00M,10.54B,25.05B,252.00M,7.36B,5.594B,14.51B,17.69B,8.918B,561.00M,1.226B,3.231B
NOC,2011-12,-3.49B,3.002B,5.07B,0,1.777B,2.1,2.07,12.37B,6.98B,1.436B,2011-12,873.00M,548.00M,-53.00M,-53.00M,3.047B,0,3.935B,799.00M,1.481B,782.00M,232.00M,6.506B,637.00M,10.34B,25.41B,254.00M,7.746B,6.135B,15.08B,17.66B,8.94B,637.00M,1.481B,2.964B
NOC,2011-09,-2.176B,2.946B,5.198B,0,1.744B,1.89,1.86,12.54B,6.907B,1.414B,2011-09,884.00M,520.00M,-57.00M,-57.00M,3.01B,0,3.936B,825.00M,2.414B,755.00M,235.00M,6.612B,589.00M,11.95B,25.10B,266.00M,7.686B,5.721B,13.15B,17.41B,7.428B,589.00M,1.338B,3.328B
NOC,2011-06,-2.173B,2.81B,5.163B,0,0,1.84,1.81,12.55B,6.892B,1.397B,2011-06,902.00M,520.00M,-53.00M,-53.00M,3.028B,0,3.937B,841.00M,1.259B,788.00M,268.00M,6.56B,556.00M,12.15B,25.38B,278.00M,7.814B,5.795B,13.23B,17.56B,7.433B,556.00M,1.259B,3.474B
NOC,2011-03,-2.187B,4.019B,5.355B,0,0,1.82,1.79,12.56B,6.827B,1.379B,2011-03,859.00M,530.00M,-58.00M,-58.00M,3.046B,0,3.939B,811.00M,1.347B,758.00M,262.00M,6.734B,568.00M,12.68B,26.79B,293.00M,9.071B,6.161B,14.11B,17.72B,7.952B,568.00M,1.347B,3.563B
