Ticker,Date,Accrued Comprehensive Inc,Cash and Short Term Investments,Cost of Goods Sold,Current Debt & Capital Lease Obligation,Current Deferred Liabilities,EPS Basic,EPS Diluted,Goodwill and Intangibles,Gross PP&E,Gross Profit,Income (Quarterly),Inventories,Net Income,Net Non-Operating Interest Income Expense,Net Operating Interest Income,Net PP&E,Non-Current Deferred Liabilities,Non-Current Portion of LTD and Capital Lease Obligation,Operating Income,Payables and Accrued Expenses,Pre-Tax Income,Provision for Income Taxes,Revenue,SG&A Expense,Shareholders Equity,Total Assets,Total Capital Stock,Total Current Assets,Total Current Liabilities,Total Liabilities,Total Long Term Assets,Total Long Term Liabilities,Total Operating Expenses,Total Payables,Total Receivables
NOV,2020-12,-1.509B,1.692B,1.393B,110.00M,354.00M,-0.9,-0.9,2.02B,5.543B,-66.00M,2020-12,1.408B,-347.00M,-17.00M,-17.00M,2.493B,78.00M,2.446B,-301.00M,1.192B,-326.00M,22.00M,1.327B,235.00M,5.21B,9.929B,4.00M,5.209B,1.867B,4.65B,4.72B,2.783B,235.00M,698.00M,1.885B
NOV,2020-09,-1.577B,1.485B,1.245B,111.00M,371.00M,-0.14,-0.14,2.009B,2.569B,139.00M,2020-09,1.745B,-55.00M,-21.00M,-21.00M,2.569B,70.00M,2.443B,-74.00M,1.195B,-114.00M,-61.00M,1.384B,213.00M,5.465B,10.17B,4.00M,5.376B,1.884B,4.628B,4.792B,2.744B,213.00M,673.00M,1.937B
NOV,2020-06,-1.613B,1.447B,1.359B,115.00M,408.00M,-0.24,-0.24,2.018B,2.615B,137.00M,2020-06,1.929B,-93.00M,-20.00M,-20.00M,2.615B,71.00M,2.666B,-100.00M,1.224B,-134.00M,-47.00M,1.496B,237.00M,5.46B,10.45B,4.00M,5.59B,1.954B,4.914B,4.857B,2.96B,237.00M,725.00M,2.01B
NOV,2020-03,-1.655B,1.115B,1.659B,115.00M,470.00M,-5.34,-5.34,2.049B,2.613B,224.00M,2020-03,2.032B,-2.047B,-19.00M,-19.00M,2.613B,69.00M,2.648B,-59.00M,1.305B,-2.205B,-156.00M,1.883B,283.00M,5.486B,10.69B,4.00M,5.902B,2.163B,5.136B,4.788B,2.973B,283.00M,764.00M,2.518B
NOV,2019-12,-1.423B,1.171B,1.905B,114.00M,427.00M,-1.01,-1.01,3.659B,6.011B,376.00M,2019-12,2.197B,-385.00M,-21.00M,-21.00M,3.028B,140.00M,2.663B,87.00M,1.412B,-431.00M,-46.00M,2.281B,289.00M,7.778B,13.15B,4.00M,6.113B,2.247B,5.303B,7.036B,3.056B,289.00M,869.00M,2.498B
NOV,2019-09,-1.524B,1.313B,1.975B,113.00M,455.00M,-0.64,-0.64,4.102B,3.034B,151.00M,2019-09,2.537B,-244.00M,-21.00M,-21.00M,3.034B,174.00M,3.157B,-142.00M,1.414B,-189.00M,60.00M,2.126B,293.00M,8.057B,14.00B,4.00M,6.515B,2.276B,5.876B,7.49B,3.60B,293.00M,826.00M,2.414B
NOV,2019-06,-1.392B,1.121B,2.07B,116.00M,455.00M,-14.11,-14.11,4.106B,3.054B,62.00M,2019-06,2.858B,-5.389B,-19.00M,-19.00M,3.054B,177.00M,3.179B,-355.00M,1.372B,-5.757B,-373.00M,2.132B,417.00M,8.411B,14.35B,4.00M,6.766B,2.221B,5.862B,7.583B,3.641B,417.00M,794.00M,2.558B
NOV,2019-03,-1.413B,1.27B,1.684B,115.00M,412.00M,-0.2,-0.2,9.234B,3.394B,256.00M,2019-03,3.131B,-77.00M,-19.00M,-19.00M,3.394B,565.00M,3.211B,-48.00M,1.363B,-85.00M,-10.00M,1.94B,304.00M,13.76B,20.00B,4.00M,6.938B,2.103B,6.162B,13.06B,4.059B,304.00M,777.00M,2.332B
NOV,2018-12,-1.437B,1.427B,1.989B,7.00M,458.00M,0.03,0.03,9.284B,5.484B,409.00M,2018-12,2.986B,12.00M,-15.00M,-15.00M,2.797B,564.00M,2.704B,87.00M,1.522B,41.00M,26.00M,2.398B,322.00M,13.82B,19.80B,4.00M,7.279B,2.341B,5.907B,12.52B,3.566B,322.00M,912.00M,2.666B
NOV,2018-09,-1.328B,1.293B,1.761B,8.00M,570.00M,0.0026,0.0026,9.411B,0,393.00M,2018-09,3.177B,1.00M,-18.00M,-18.00M,2.813B,672.00M,2.706B,73.00M,1.404B,33.00M,29.00M,2.154B,320.00M,13.91B,19.89B,4.00M,7.221B,2.276B,5.917B,12.67B,3.641B,320.00M,778.00M,2.488B
NOV,2018-06,-1.298B,1.137B,1.751B,8.00M,609.00M,0.06,0.06,9.444B,5.561B,355.00M,2018-06,3.158B,24.00M,-18.00M,-18.00M,2.859B,666.00M,2.707B,52.00M,1.337B,30.00M,5.00M,2.106B,303.00M,13.90B,19.76B,4.00M,7.008B,2.194B,5.79B,12.75B,3.596B,303.00M,724.00M,2.412B
NOV,2018-03,-1.061B,1.236B,1.508B,6.00M,598.00M,-0.18,-0.18,9.432B,5.448B,287.00M,2018-03,3.146B,-68.00M,-17.00M,-17.00M,2.926B,685.00M,2.707B,-1.00M,1.306B,-63.00M,3.00M,1.795B,288.00M,14.08B,20.01B,4.00M,7.186B,2.132B,5.859B,12.82B,3.727B,288.00M,647.00M,2.517B
NOV,2017-12,-1.11B,1.437B,1.802B,6.00M,519.00M,-0.04,-0.04,9.528B,0,167.00M,2017-12,3.003B,-14.00M,-19.00M,-19.00M,3.002B,677.00M,2.706B,-111.00M,1.476B,-128.00M,-113.00M,1.969B,278.00M,14.09B,20.21B,4.00M,7.217B,2.354B,6.046B,12.99B,3.692B,278.00M,743.00M,2.51B
NOV,2017-09,-1.109B,1.722B,1.55B,506.00M,550.00M,-0.07,-0.07,9.542B,0,285.00M,2017-09,3.219B,-26.00M,-15.00M,-15.00M,3.031B,925.00M,2.707B,-7.00M,1.465B,-40.00M,-13.00M,1.835B,292.00M,14.08B,20.93B,4.00M,7.825B,2.842B,6.783B,13.11B,3.941B,292.00M,637.00M,2.578B
NOV,2017-06,-1.258B,1.53B,1.528B,506.00M,573.00M,-0.2,-0.2,9.567B,0,231.00M,2017-06,3.207B,-75.00M,-22.00M,-22.00M,3.052B,999.00M,2.708B,-62.00M,1.515B,-91.00M,-17.00M,1.759B,293.00M,13.95B,20.89B,4.00M,7.741B,2.851B,6.865B,13.15B,4.014B,293.00M,661.00M,2.685B
NOV,2017-03,-1.356B,1.479B,1.532B,506.00M,595.00M,-0.32,-0.32,9.532B,0,209.00M,2017-03,3.254B,-122.00M,-21.00M,-21.00M,3.108B,1.043B,2.707B,-97.00M,1.476B,-133.00M,-13.00M,1.741B,306.00M,13.92B,20.90B,4.00M,7.744B,2.852B,6.919B,13.16B,4.067B,306.00M,592.00M,2.631B
NOV,2016-12,-1.452B,1.408B,2.151B,506.00M,662.00M,-1.9,-1.9,9.597B,0,-459.00M,2016-12,3.325B,-714.00M,-21.00M,-21.00M,3.15B,1.064B,2.708B,-766.00M,1.632B,-805.00M,-88.00M,1.692B,307.00M,13.94B,21.14B,4.00M,7.876B,3.047B,7.137B,13.26B,4.09B,307.00M,709.00M,2.748B
NOV,2016-09,-1.283B,1.51B,1.567B,6.00M,856.00M,-3.62,-3.62,9.641B,0,79.00M,2016-09,4.161B,-1.362B,-22.00M,-22.00M,3.261B,1.155B,3.21B,-214.00M,1.515B,-1.244B,120.00M,1.646B,293.00M,14.82B,22.19B,4.00M,8.711B,2.615B,7.306B,13.48B,4.691B,293.00M,579.00M,2.573B
NOV,2016-06,-1.325B,1.661B,1.689B,12.00M,1.008B,-0.58,-0.58,10.70B,0,35.00M,2016-06,4.287B,-217.00M,-27.00M,-27.00M,3.277B,1.103B,3.268B,-270.00M,1.591B,-338.00M,-121.00M,1.724B,305.00M,16.12B,23.78B,4.00M,9.204B,2.947B,7.598B,14.58B,4.651B,305.00M,636.00M,2.834B
NOV,2016-03,-1.308B,1.759B,1.945B,7.00M,1.093B,-0.32,-0.32,10.80B,0,244.00M,2016-03,4.534B,-118.00M,-20.00M,-20.00M,3.303B,1.239B,3.372B,-189.00M,1.954B,-236.00M,-118.00M,2.189B,433.00M,16.36B,24.75B,4.00M,10.05B,3.435B,8.321B,14.71B,4.886B,433.00M,793.00M,3.252B
NOV,2015-12,-1.553B,2.08B,2.334B,2.00M,1.211B,-4.06,-4.06,10.83B,5.276B,388.00M,2015-12,4.678B,-1.523B,-22.00M,-22.00M,3.124B,1.362B,3.907B,2.00M,2.243B,-1.674B,-152.00M,2.722B,386.00M,16.38B,25.97B,4.00M,11.42B,3.958B,9.51B,14.54B,5.552B,386.00M,1.062B,4.176B
NOV,2015-09,-1.477B,1.846B,2.634B,2.00M,2.052B,0.41,0.41,12.55B,5.405B,672.00M,2015-09,5.172B,155.00M,-22.00M,-22.00M,3.122B,1.826B,3.981B,289.00M,2.573B,192.00M,36.00M,3.306B,383.00M,18.13B,29.63B,4.00M,12.93B,5.193B,11.42B,16.70B,6.229B,383.00M,1.012B,4.994B
NOV,2015-06,-1.119B,2.544B,3.054B,151.00M,2.188B,0.75,0.74,12.76B,5.212B,855.00M,2015-06,5.394B,289.00M,-24.00M,-24.00M,3.25B,1.976B,4.154B,438.00M,2.712B,391.00M,105.00M,3.909B,417.00M,18.93B,31.22B,4.00M,14.17B,5.672B,12.22B,17.06B,6.548B,417.00M,1.029B,5.286B
NOV,2015-03,-1.318B,3.024B,3.643B,151.00M,2.41B,0.76,0.76,12.80B,0,1.177B,2015-03,5.378B,310.00M,-21.00M,-21.00M,3.216B,2.014B,4.094B,570.00M,3.333B,502.00M,189.00M,4.82B,607.00M,19.04B,32.42B,4.00M,15.30B,6.667B,13.30B,17.12B,6.635B,607.00M,1.579B,5.95B
NOV,2014-12,-834.00M,3.536B,4.168B,152.00M,2.787B,1.39,1.39,12.98B,0,1.541B,2014-12,5.281B,595.00M,-21.00M,-21.00M,3.362B,1.972B,3.014B,1.017B,3.476B,830.00M,233.00M,5.709B,524.00M,20.69B,33.56B,4.00M,16.16B,7.374B,12.79B,17.40B,5.416B,524.00M,1.831B,6.294B
NOV,2014-09,-362.00M,4.091B,4.059B,151.00M,2.979B,1.63,1.62,13.31B,0,1.528B,2014-09,5.464B,699.00M,-22.00M,-22.00M,3.377B,2.088B,2.995B,988.00M,3.428B,984.00M,283.00M,5.587B,540.00M,21.52B,34.27B,4.00M,16.67B,7.201B,12.65B,17.60B,5.45B,540.00M,1.707B,6.097B
NOV,2014-06,48.00M,3.885B,3.80B,1.00M,3.428B,1.45,1.44,13.45B,0,1.455B,2014-06,5.198B,619.00M,-22.00M,-22.00M,3.44B,2.002B,3.148B,913.00M,3.043B,893.00M,284.00M,5.255B,542.00M,21.33B,33.83B,4.00M,16.00B,6.915B,12.41B,17.82B,5.494B,542.00M,1.614B,5.994B
NOV,2014-03,-41.00M,3.688B,3.599B,0,3.261B,1.38,1.37,13.83B,0,1.29B,2014-03,5.659B,589.00M,-22.00M,-22.00M,3.437B,2.088B,3.149B,799.00M,3.468B,787.00M,239.00M,4.889B,491.00M,22.70B,35.48B,4.00M,17.21B,7.098B,12.69B,18.27B,5.59B,491.00M,2.003B,6.83B
NOV,2013-12,-4.00M,3.436B,3.898B,0,2.756B,1.54,1.53,14.10B,0,1.404B,2013-12,5.603B,658.00M,-23.00M,-23.00M,3.408B,2.292B,3.149B,909.00M,3.374B,887.00M,257.00M,5.302B,495.00M,22.23B,34.81B,4.00M,16.42B,6.678B,12.48B,18.39B,5.804B,495.00M,2.019B,6.435B
NOV,2013-09,1.00M,2.741B,3.503B,0,1.888B,1.49,1.49,14.22B,0,1.36B,2013-09,6.078B,636.00M,-24.00M,-24.00M,3.333B,2.443B,3.749B,884.00M,4.429B,861.00M,263.00M,4.863B,476.00M,21.63B,34.67B,4.00M,16.26B,6.317B,12.95B,18.42B,6.631B,476.00M,1.572B,6.441B
NOV,2013-06,-201.00M,2.327B,3.507B,1.00M,2.132B,1.25,1.24,14.30B,4.523B,1.173B,2013-06,6.083B,531.00M,-27.00M,-27.00M,3.21B,2.458B,4.12B,713.00M,3.039B,712.00M,218.00M,4.68B,460.00M,20.86B,33.59B,4.00M,15.22B,5.619B,12.64B,18.37B,7.023B,460.00M,1.605B,5.872B
NOV,2013-03,-58.00M,2.441B,4.043B,354.00M,2.076B,1.18,1.17,14.40B,3.66B,1.264B,2013-03,6.135B,502.00M,-25.00M,-25.00M,3.215B,2.543B,4.349B,751.00M,3.102B,724.00M,224.00M,5.307B,513.00M,20.55B,33.56B,4.00M,14.99B,5.546B,12.88B,18.56B,7.331B,513.00M,1.794B,5.612B
NOV,2012-12,107.00M,3.319B,1.74B,1.289B,2.221B,1.57,1.56,11.92B,0,1.098B,2012-12,5.891B,668.00M,-19.00M,-19.00M,2.945B,1.997B,3.148B,735.00M,2.898B,706.00M,146.00M,2.838B,363.00M,20.24B,31.48B,4.00M,15.68B,5.649B,11.13B,15.81B,5.479B,363.00M,1.705B,5.545B
NOV,2012-09,79.00M,1.702B,3.948B,351.00M,1.055B,1.44,1.43,11.37B,0,1.371B,2012-09,5.989B,612.00M,-9.00M,-9.00M,2.818B,1.802B,1.175B,898.00M,2.853B,874.00M,265.00M,5.319B,473.00M,19.57B,28.66B,4.00M,13.67B,5.681B,8.979B,15.00B,3.298B,473.00M,1.672B,5.098B
NOV,2012-06,-69.00M,1.917B,3.428B,351.00M,979.00M,1.42,1.42,11.43B,0,1.306B,2012-06,5.501B,605.00M,-6.00M,-6.00M,2.70B,1.935B,159.00M,879.00M,2.749B,887.00M,285.00M,4.734B,427.00M,18.82B,27.83B,4.00M,13.01B,6.481B,8.902B,14.82B,2.421B,427.00M,1.574B,4.813B
NOV,2012-03,104.00M,3.39B,3.036B,2.00M,931.00M,1.43,1.42,10.21B,0,1.267B,2012-03,4.528B,606.00M,-5.00M,-5.00M,2.531B,1.847B,159.00M,877.00M,2.897B,873.00M,269.00M,4.303B,390.00M,18.42B,26.29B,4.00M,12.84B,5.445B,7.767B,13.45B,2.322B,390.00M,1.739B,4.14B
NOV,2011-12,-23.00M,3.535B,2.984B,2.00M,1.765B,1.36,1.35,10.22B,0,1.275B,2011-12,4.03B,574.00M,-4.00M,-4.00M,2.445B,1.852B,159.00M,848.00M,2.749B,843.00M,270.00M,4.259B,427.00M,17.62B,25.52B,4.00M,12.11B,5.416B,7.787B,13.40B,2.371B,427.00M,1.729B,3.884B
NOV,2011-09,37.00M,3.87B,2.576B,203.00M,908.00M,1.26,1.25,9.937B,0,1.164B,2011-09,3.907B,532.00M,-3.00M,-3.00M,1.967B,1.776B,510.00M,772.00M,2.312B,780.00M,252.00M,3.74B,392.00M,17.13B,24.54B,4.00M,12.04B,4.744B,7.305B,12.51B,2.561B,392.00M,1.29B,3.64B
NOV,2011-06,225.00M,3.44B,2.43B,0,1.043B,1.14,1.13,10.01B,0,1.083B,2011-06,3.756B,481.00M,-5.00M,-5.00M,1.921B,1.815B,511.00M,708.00M,2.12B,706.00M,226.00M,3.513B,375.00M,16.79B,23.76B,4.00M,11.23B,4.25B,6.851B,12.53B,2.601B,375.00M,1.014B,3.348B
NOV,2011-03,192.00M,3.06B,2.171B,0,920.00M,0.97,0.96,9.934B,0,975.00M,2011-03,3.57B,407.00M,-10.00M,-10.00M,1.861B,1.832B,512.00M,609.00M,2.153B,593.00M,189.00M,3.146B,366.00M,16.29B,23.16B,4.00M,10.74B,4.132B,6.755B,12.42B,2.623B,366.00M,1.008B,3.501B
