Ticker,Date,Accrued Comprehensive Inc,Cash and Short Term Investments,Cost of Goods Sold,Current Debt & Capital Lease Obligation,Current Deferred Liabilities,EPS Basic,EPS Diluted,Goodwill and Intangibles,Gross PP&E,Gross Profit,Income (Quarterly),Inventories,Net Income,Net Non-Operating Interest Income Expense,Net Operating Interest Income,Net PP&E,Non-Current Deferred Liabilities,Non-Current Portion of LTD and Capital Lease Obligation,Operating Income,Payables and Accrued Expenses,Pre-Tax Income,Provision for Income Taxes,Research and Development Expense,Revenue,SG&A Expense,Shareholders Equity,Total Assets,Total Capital Stock,Total Current Assets,Total Current Liabilities,Total Liabilities,Total Long Term Assets,Total Long Term Liabilities,Total Operating Expenses,Total Payables,Total Receivables
NRG,2020-12,-206.00M,3.905B,1.615B,70.00M,0,-0.7,-0.7,1.247B,4.784B,412.00M,2020-12,327.00M,-173.00M,-109.00M,-109.00M,2.848B,19.00M,8.969B,30.00M,1.327B,-138.00M,35.00M,2.00M,2.027B,263.00M,1.68B,14.90B,4.00M,6.028B,1.915B,13.22B,8.874B,11.31B,382.00M,649.00M,904.00M
NRG,2020-09,-190.00M,697.00M,2.034B,72.00M,0,1.02,1.02,1.30B,4.819B,775.00M,2020-09,330.00M,249.00M,-99.00M,-99.00M,2.918B,17.00M,6.089B,422.00M,1.404B,341.00M,92.00M,1.00M,2.809B,253.00M,1.934B,12.22B,4.00M,3.087B,1.986B,10.29B,9.138B,8.305B,353.00M,753.00M,1.126B
NRG,2020-06,-194.00M,418.00M,1.434B,76.00M,0,1.28,1.27,1.312B,4.83B,804.00M,2020-06,388.00M,313.00M,-96.00M,-96.00M,2.962B,17.00M,6.268B,484.00M,1.317B,414.00M,101.00M,2.00M,2.238B,208.00M,1.75B,12.34B,4.00M,3.076B,2.157B,10.59B,9.261B,8.43B,320.00M,736.00M,1.015B
NRG,2020-03,-207.00M,759.00M,1.457B,711.00M,0,0.49,0.49,1.348B,4.851B,562.00M,2020-03,372.00M,121.00M,-98.00M,-98.00M,3.019B,15.00M,6.28B,241.00M,1.258B,144.00M,23.00M,3.00M,2.019B,209.00M,1.536B,12.82B,4.00M,3.479B,2.852B,11.29B,9.343B,8.434B,321.00M,708.00M,915.00M
NRG,2019-12,-192.00M,345.00M,1.654B,161.00M,0,12.97,12.87,1.368B,4.809B,541.00M,2019-12,383.00M,3.383B,-95.00M,-95.00M,3.057B,17.00M,6.286B,215.00M,1.385B,120.00M,-3.343B,2.00M,2.195B,212.00M,1.658B,12.53B,4.00M,3.088B,2.359B,10.87B,9.443B,8.514B,326.00M,722.00M,1.025B
NRG,2019-09,-158.00M,243.00M,2.153B,375.00M,0,1.46,1.45,1.419B,4.856B,843.00M,2019-09,364.00M,372.00M,-99.00M,-99.00M,3.097B,70.00M,6.298B,541.00M,1.491B,380.00M,6.00M,1.00M,2.996B,210.00M,-1.571B,9.527B,4.00M,3.187B,2.564B,11.10B,6.34B,8.534B,302.00M,866.00M,1.376B
NRG,2019-06,-99.00M,294.00M,1.845B,161.00M,0,0.76,0.75,1.134B,4.793B,620.00M,2019-06,370.00M,201.00M,-105.00M,-105.00M,3.109B,71.00M,6.307B,322.00M,1.324B,188.00M,-1.00M,2.00M,2.465B,211.00M,-1.648B,9.171B,4.00M,3.045B,2.294B,10.82B,6.126B,8.525B,298.00M,723.00M,1.049B
NRG,2019-03,-96.00M,859.00M,1.651B,198.00M,0,1.73,1.72,1.153B,4.777B,514.00M,2019-03,391.00M,482.00M,-114.00M,-114.00M,3.167B,62.00M,6.895B,233.00M,1.247B,98.00M,4.00M,2.00M,2.165B,194.00M,-1.538B,9.53B,4.00M,3.458B,1.945B,11.07B,6.072B,9.123B,281.00M,697.00M,898.00M
NRG,2018-12,-94.00M,563.00M,1.596B,72.00M,0,-0.03,-0.03,1.164B,4.859B,396.00M,2018-12,412.00M,-12.00M,-122.00M,-122.00M,3.048B,65.00M,6.449B,92.00M,1.543B,-105.00M,-12.00M,2.00M,1.992B,212.00M,-1.234B,10.63B,4.00M,3.60B,2.398B,11.86B,7.028B,9.464B,304.00M,863.00M,1.024B
NRG,2018-09,-58.00M,1.359B,2.238B,593.00M,0,-0.24,-0.24,1.141B,6.251B,722.00M,2018-09,408.00M,-72.00M,-122.00M,-122.00M,3.599B,18.00M,6.658B,411.00M,1.498B,295.00M,8.00M,1.00M,2.96B,211.00M,-936.00M,11.45B,4.00M,4.295B,2.723B,12.39B,7.155B,9.663B,311.00M,838.00M,1.326B
NRG,2018-06,-60.00M,980.00M,1.889B,952.00M,0,0.23,0.23,2.399B,17.31B,572.00M,2018-06,485.00M,72.00M,-123.00M,-123.00M,12.77B,17.00M,14.82B,257.00M,1.856B,32.00M,5.00M,3.00M,2.461B,200.00M,-366.00M,22.95B,4.00M,4.768B,3.663B,20.88B,18.18B,17.21B,315.00M,1.004B,1.443B
NRG,2018-03,-61.00M,764.00M,1.385B,956.00M,0,0.88,0.87,2.265B,18.59B,680.00M,2018-03,528.00M,279.00M,-116.00M,-116.00M,13.91B,20.00M,15.41B,379.00M,1.642B,244.00M,6.00M,5.00M,2.065B,176.00M,-134.00M,23.75B,4.00M,4.557B,3.708B,21.49B,19.20B,17.79B,301.00M,819.00M,976.00M
NRG,2017-12,-72.00M,770.00M,1.297B,204.00M,0,-4.84,-4.84,1.046B,8.229B,531.00M,2017-12,453.00M,-1.534B,-125.00M,-125.00M,5.974B,21.00M,9.18B,219.00M,1.658B,-1.508B,-47.00M,4.00M,1.828B,202.00M,-346.00M,23.36B,4.00M,4.437B,3.354B,21.39B,18.92B,18.03B,312.00M,741.00M,1.08B
NRG,2017-09,-91.00M,1.223B,2.072B,1.247B,0,0.54,0.53,2.50B,21.77B,668.00M,2017-09,630.00M,171.00M,-139.00M,-139.00M,15.33B,21.00M,15.66B,309.00M,1.905B,186.00M,1.00M,6.00M,2.74B,190.00M,1.183B,25.47B,4.00M,4.765B,3.705B,21.78B,20.70B,18.08B,359.00M,911.00M,1.279B
NRG,2017-06,-100.00M,752.00M,1.841B,1.042B,0,-1.98,-1.98,2.555B,21.48B,860.00M,2017-06,713.00M,-626.00M,-247.00M,-247.00M,15.30B,20.00M,15.84B,361.00M,1.748B,103.00M,4.00M,18.00M,2.701B,221.00M,1.021B,25.20B,4.00M,4.478B,3.52B,21.72B,20.73B,18.20B,499.00M,774.00M,1.171B
NRG,2017-03,-124.00M,1.513B,1.862B,1.688B,0,-0.52,-0.52,2.619B,24.54B,520.00M,2017-03,1.14B,-163.00M,-225.00M,-225.00M,17.94B,20.00M,17.67B,-14.00M,1.759B,-173.00M,-4.00M,17.00M,2.382B,260.00M,1.625B,29.42B,4.00M,5.453B,4.197B,25.41B,23.97B,21.21B,534.00M,872.00M,987.00M
NRG,2016-12,-135.00M,938.00M,965.00M,516.00M,0,-3.13,-3.13,2.635B,20.70B,-378.00M,2016-12,721.00M,-987.00M,135.00M,135.00M,15.37B,20.00M,15.96B,-522.00M,1.803B,-914.00M,-50.00M,-17.00M,587.00M,231.00M,2.041B,30.68B,4.00M,6.73B,4.702B,26.24B,23.95B,21.53B,144.00M,813.00M,1.074B
NRG,2016-09,-142.00M,2.435B,2.44B,1.221B,0,1.27,1.27,3.105B,24.63B,981.00M,2016-09,1.017B,402.00M,-237.00M,-237.00M,18.20B,47.00M,18.02B,385.00M,2.095B,156.00M,28.00M,21.00M,3.421B,277.00M,3.042B,31.49B,4.00M,7.035B,4.301B,26.00B,24.46B,21.70B,596.00M,945.00M,1.417B
NRG,2016-06,-203.00M,1.389B,1.443B,1.215B,0,-0.61,-0.61,3.179B,24.49B,805.00M,2016-06,1.124B,-271.00M,-237.00M,-237.00M,18.38B,42.00M,17.89B,259.00M,1.88B,-138.00M,25.00M,18.00M,2.248B,266.00M,2.522B,31.42B,4.00M,6.389B,4.514B,26.30B,25.03B,21.79B,546.00M,898.00M,1.312B
NRG,2016-03,-195.00M,1.659B,2.194B,465.00M,0,0.24,0.24,3.255B,25.86B,1.035B,2016-03,1.161B,82.00M,-284.00M,-284.00M,18.76B,37.00M,18.68B,444.00M,1.826B,68.00M,21.00M,26.00M,3.229B,252.00M,3.029B,32.68B,308.00M,7.386B,4.338B,27.00B,25.29B,22.66B,591.00M,845.00M,1.093B
NRG,2015-12,-173.00M,1.518B,449.00M,481.00M,112.00M,-19.21,-19.21,3.309B,24.49B,216.00M,2015-12,1.252B,-6.314B,-82.00M,-82.00M,18.73B,19.00M,18.98B,-357.00M,1.679B,-4.865B,1.388B,45.00M,665.00M,350.00M,3.009B,32.88B,306.00M,7.444B,4.375B,27.15B,25.44B,22.77B,573.00M,869.00M,1.21B
NRG,2015-09,-188.00M,2.265B,3.042B,457.00M,0,0.18,0.18,4.874B,30.95B,1.392B,2015-09,1.149B,66.00M,-291.00M,-291.00M,21.98B,20.00M,19.60B,645.00M,2.395B,114.00M,47.00M,38.00M,4.434B,327.00M,9.525B,39.99B,303.00M,8.135B,4.336B,27.85B,31.85B,23.51B,747.00M,1.173B,1.58B
NRG,2015-06,-170.00M,2.146B,2.436B,636.00M,0,-0.06,-0.06,4.983B,30.92B,964.00M,2015-06,1.153B,-14.00M,-263.00M,-263.00M,22.30B,18.00M,19.66B,235.00M,2.162B,-26.00M,-17.00M,37.00M,3.40B,296.00M,9.675B,40.36B,300.00M,8.075B,4.469B,28.05B,32.29B,23.58B,729.00M,1.08B,1.497B
NRG,2015-03,-191.00M,2.164B,3.063B,465.00M,0,-0.37,-0.37,5.011B,30.54B,766.00M,2015-03,1.109B,-120.00M,-301.00M,-301.00M,22.28B,20.00M,20.05B,72.00M,2.092B,-209.00M,-73.00M,34.00M,3.829B,265.00M,9.822B,40.33B,297.00M,8.189B,4.509B,28.66B,32.14B,24.15B,694.00M,1.045B,1.314B
NRG,2014-12,-174.00M,2.116B,2.965B,474.00M,0,0.21,0.21,5.141B,30.26B,1.227B,2014-12,1.247B,119.00M,-310.00M,-310.00M,22.37B,21.00M,19.70B,495.00M,1.865B,168.00M,71.00M,26.00M,4.192B,279.00M,10.05B,40.47B,295.00M,8.48B,4.859B,28.50B,31.99B,23.64B,732.00M,1.06B,1.529B
NRG,2014-09,-5.00M,1.953B,3.278B,854.00M,0,0.49,0.48,5.332B,29.76B,1.291B,2014-09,1.051B,168.00M,-280.00M,-280.00M,22.18B,24.00M,19.92B,636.00M,2.298B,271.00M,89.00M,22.00M,4.569B,258.00M,10.19B,40.07B,253.00M,7.952B,4.543B,28.13B,32.12B,23.59B,655.00M,1.098B,2.248B
NRG,2014-06,5.00M,1.481B,2.828B,833.00M,0,-0.3,-0.3,3.55B,28.81B,793.00M,2014-06,996.00M,-97.00M,-274.00M,-274.00M,21.58B,71.00M,18.16B,129.00M,2.168B,-206.00M,-126.00M,21.00M,3.621B,257.00M,10.07B,37.63B,253.00M,7.842B,4.746B,26.40B,29.79B,21.66B,664.00M,1.103B,2.181B
NRG,2014-03,10.00M,3.187B,2.737B,685.00M,0,-0.18,-0.18,3.338B,26.53B,749.00M,2014-03,781.00M,-56.00M,-255.00M,-255.00M,19.64B,24.00M,16.80B,173.00M,2.032B,-98.00M,-31.00M,19.00M,3.486B,222.00M,9.759B,34.96B,253.00M,8.452B,4.225B,24.32B,26.51B,20.09B,576.00M,1.082B,1.334B
NRG,2013-12,5.00M,2.254B,1.953B,1.05B,0,-0.92,-0.92,3.125B,26.42B,842.00M,2013-12,898.00M,-297.00M,-218.00M,-218.00M,19.85B,22.00M,15.77B,287.00M,1.703B,-517.00M,-227.00M,21.00M,2.795B,225.00M,9.851B,33.90B,253.00M,7.669B,4.204B,23.19B,26.23B,18.98B,555.00M,1.038B,1.826B
NRG,2013-09,-129.00M,2.129B,2.373B,911.00M,0,0.36,0.36,3.094B,26.86B,1.117B,2013-09,861.00M,119.00M,-228.00M,-228.00M,20.60B,50.00M,15.80B,553.00M,2.173B,298.00M,160.00M,24.00M,3.49B,213.00M,10.30B,34.86B,253.00M,7.325B,4.382B,23.73B,27.54B,19.35B,564.00M,1.14B,1.787B
NRG,2013-06,-118.00M,1.368B,2.051B,737.00M,15.00M,0.37,0.37,3.074B,26.41B,878.00M,2013-06,874.00M,124.00M,-206.00M,-206.00M,20.45B,47.00M,15.89B,314.00M,2.028B,68.00M,-63.00M,21.00M,2.929B,230.00M,9.985B,34.49B,253.00M,7.013B,4.411B,23.94B,27.48B,19.53B,564.00M,1.196B,1.705B
NRG,2013-03,-136.00M,1.707B,1.753B,556.00M,115.00M,-1.03,-1.03,3.13B,26.08B,328.00M,2013-03,904.00M,-332.00M,-196.00M,-196.00M,20.40B,53.00M,15.91B,-224.00M,2.008B,-483.00M,-152.00M,18.00M,2.081B,227.00M,9.899B,35.37B,253.00M,8.117B,5.162B,24.93B,27.25B,19.76B,552.00M,1.054B,1.068B
NRG,2012-12,-150.00M,2.087B,1.48B,147.00M,92.00M,1.07,1.06,3.166B,25.56B,583.00M,2012-12,903.00M,252.00M,-166.00M,-166.00M,20.15B,55.00M,15.74B,126.00M,1.902B,173.00M,-81.00M,16.00M,2.063B,194.00M,10.00B,34.98B,253.00M,8.051B,4.67B,24.46B,26.93B,19.80B,457.00M,1.172B,1.198B
NRG,2012-09,-68.00M,1.686B,1.74B,374.00M,127.00M,-0.01,-0.01,3.074B,21.06B,591.00M,2012-09,393.00M,-1.00M,-163.00M,-163.00M,15.87B,1.092B,10.97B,104.00M,1.85B,-105.00M,-113.00M,24.00M,2.331B,224.00M,7.405B,27.22B,3.00M,6.383B,4.777B,19.33B,20.84B,14.55B,487.00M,1.246B,1.075B
NRG,2012-06,-17.00M,1.284B,1.337B,71.00M,65.00M,1.09,1.08,3.142B,20.29B,829.00M,2012-06,416.00M,251.00M,-167.00M,-167.00M,15.32B,1.147B,10.48B,397.00M,2.143B,246.00M,-13.00M,15.00M,2.166B,183.00M,7.473B,27.86B,3.00M,7.255B,5.698B,19.95B,20.60B,14.26B,432.00M,1.35B,1.00B
NRG,2012-03,71.00M,1.213B,1.583B,71.00M,101.00M,-0.92,-0.92,3.226B,19.14B,279.00M,2012-03,392.00M,-207.00M,-165.00M,-165.00M,14.38B,1.30B,10.15B,-170.00M,1.699B,-326.00M,-120.00M,13.00M,1.862B,206.00M,7.303B,28.53B,3.00M,8.458B,6.885B,20.90B,20.07B,14.01B,449.00M,1.08B,716.00M
NRG,2011-12,74.00M,1.105B,1.76B,87.00M,137.00M,-0.45,-0.45,3.305B,18.19B,372.00M,2011-12,308.00M,-109.00M,-161.00M,-161.00M,13.62B,1.389B,9.745B,9.00M,1.254B,-137.00M,-28.00M,25.00M,2.132B,107.00M,7.735B,26.90B,252.00M,8.091B,5.861B,18.98B,18.81B,13.12B,363.00M,808.00M,1.176B
NRG,2011-09,201.00M,1.386B,2.053B,81.00M,0,-0.24,-0.24,3.42B,17.21B,621.00M,2011-09,320.00M,-55.00M,-164.00M,-164.00M,12.84B,1.588B,9.208B,203.00M,1.501B,-135.00M,-80.00M,11.00M,2.674B,169.00M,7.77B,24.76B,3.00M,6.338B,3.995B,16.83B,18.42B,12.83B,418.00M,974.00M,1.042B
NRG,2011-06,305.00M,2.199B,1.608B,90.00M,0,2.54,2.53,3.452B,16.45B,670.00M,2011-06,386.00M,621.00M,-167.00M,-167.00M,12.28B,1.709B,8.91B,269.00M,1.335B,-9.00M,-630.00M,12.00M,2.278B,167.00M,8.17B,25.34B,3.00M,6.039B,3.105B,17.01B,19.30B,13.90B,401.00M,842.00M,1.008B
NRG,2011-03,363.00M,3.028B,1.324B,150.00M,0,-1.06,-1.06,3.549B,15.57B,671.00M,2011-03,418.00M,-260.00M,-173.00M,-173.00M,11.58B,1.812B,8.802B,314.00M,983.00M,-365.00M,-105.00M,9.00M,1.995B,143.00M,7.601B,25.04B,3.00M,6.378B,2.998B,17.44B,18.66B,14.44B,357.00M,568.00M,687.00M
