Ticker,Date,Cash and Short Term Investments,Cost of Goods Sold,Current Debt & Capital Lease Obligation,EPS Basic,EPS Diluted,Goodwill and Intangibles,Gross PP&E,Gross Profit,Income (Quarterly),Inventories,Net Income,Net Non-Operating Interest Income Expense,Net Operating Interest Income,Net PP&E,Non-Current Deferred Liabilities,Non-Current Portion of LTD and Capital Lease Obligation,Operating Income,Payables and Accrued Expenses,Pre-Tax Income,Provision for Income Taxes,Revenue,SG&A Expense,Shareholders Equity,Total Assets,Total Capital Stock,Total Current Assets,Total Current Liabilities,Total Liabilities,Total Long Term Assets,Total Long Term Liabilities,Total Operating Expenses,Total Payables,Total Receivables
NVR,2021-03,2.774B,1.577B,0,67.72,63.21,0,67.32M,466.02M,2021-03,1.830B,248.76M,-13.40M,-13.40M,67.32M,314.45M,1.587B,324.54M,873.06M,312.01M,63.24M,2.043B,143.08M,3.047B,5.821B,0.206M,4.666B,873.06M,2.774B,1.155B,1.901B,141.49M,414.22M,22.06M
NVR,2020-12,2.778B,1.822B,0,82.08,76.93,0,80.26M,524.28M,2020-12,1.709B,305.00M,-13.17M,-13.17M,70.09M,240.76M,1.590B,397.51M,843.26M,385.37M,80.37M,2.346B,133.98M,3.103B,5.777B,0.206M,4.537B,843.26M,2.674B,1.240B,1.831B,126.77M,402.59M,18.30M
NVR,2020-09,2.561B,1.536B,0,69.19,65.11,0,73.24M,456.19M,2020-09,1.763B,256.47M,-11.69M,-11.69M,73.24M,211.12M,1.594B,332.26M,776.08M,321.46M,64.99M,1.992B,125.92M,2.919B,5.500B,0.206M,4.377B,776.08M,2.581B,1.123B,1.805B,123.93M,388.32M,21.46M
NVR,2020-06,2.001B,1.284B,0,44.56,42.5,0,77.18M,337.73M,2020-06,1.603B,164.08M,-9.525M,-9.525M,77.18M,158.02M,1.274B,218.68M,685.87M,209.83M,45.76M,1.622B,121.46M,2.612B,4.730B,0.206M,3.651B,685.87M,2.118B,1.079B,1.432B,119.05M,336.75M,20.80M
NVR,2020-03,1.092B,1.295B,0,47.97,44.96,0,81.20M,290.25M,2020-03,1.516B,175.70M,-6.486M,-6.486M,81.20M,147.16M,682.09M,167.21M,641.36M,161.38M,-14.33M,1.585B,128.38M,2.417B,3.888B,0.206M,2.661B,641.36M,1.471B,1.227B,829.25M,123.04M,367.23M,27.09M
NVR,2019-12,1.140B,1.567B,0,69.78,64.41,0,91.79M,426.04M,2019-12,1.347B,256.14M,-6.571M,-6.571M,83.00M,131.89M,683.68M,301.06M,653.01M,295.30M,39.16M,1.993B,131.49M,2.341B,3.810B,0.206M,2.526B,653.01M,1.469B,1.284B,815.56M,124.98M,306.97M,18.28M
NVR,2019-09,1.095B,1.518B,0,60.94,56.11,0,83.42M,396.33M,2019-09,1.496B,223.79M,-6.293M,-6.293M,83.42M,142.94M,683.82M,272.65M,645.14M,267.17M,43.39M,1.915B,130.38M,2.371B,3.843B,0.206M,2.641B,645.14M,1.472B,1.202B,826.76M,123.68M,325.80M,29.28M
NVR,2019-06,882.32M,1.425B,0,58.2,53.09,0,85.34M,377.54M,2019-06,1.398B,210.21M,-6.301M,-6.301M,85.34M,146.21M,685.32M,250.33M,652.27M,244.71M,34.50M,1.803B,133.04M,2.119B,3.603B,0.206M,2.333B,652.27M,1.484B,1.270B,831.53M,127.21M,352.81M,28.94M
NVR,2019-03,816.45M,1.339B,0,52.23,47.64,0,84.16M,351.04M,2019-03,1.281B,188.41M,-6.215M,-6.215M,84.16M,142.63M,684.04M,224.28M,637.33M,218.61M,30.20M,1.690B,132.49M,1.899B,3.363B,0.206M,2.152B,637.33M,1.464B,1.211B,826.67M,126.76M,326.45M,30.49M
NVR,2018-12,711.88M,1.591B,0,64.46,58.57,0,13.72M,407.04M,2018-12,1.253B,232.16M,-6.273M,-6.273M,6.51M,138.25M,597.68M,282.99M,621.44M,277.44M,45.28M,1.998B,128.90M,1.809B,3.166B,0.206M,2.004B,621.44M,1.357B,1.162B,735.93M,124.05M,288.57M,18.64M
NVR,2018-09,609.87M,1.473B,0,54.21,48.28,1.563M,6.763M,383.12M,2018-09,1.421B,195.82M,-6.197M,-6.197M,6.763M,167.68M,597.53M,255.25M,642.30M,249.71M,53.89M,1.856B,130.71M,1.682B,3.090B,0.206M,2.080B,642.30M,1.408B,1.010B,765.20M,127.87M,319.74M,26.36M
NVR,2018-06,431.55M,1.417B,0,55.9,49.05,1.908M,7.018M,373.42M,2018-06,1.434B,203.17M,-6.329M,-6.329M,7.018M,172.03M,597.37M,247.27M,632.42M,241.59M,38.41M,1.790B,128.31M,1.608B,3.009B,0.206M,1.921B,632.42M,1.402B,1.088B,769.41M,126.15M,325.97M,30.18M
NVR,2018-03,425.57M,1.212B,0,45.19,39.34,2.254M,6.237M,319.56M,2018-03,1.344B,166.05M,-6.282M,-6.282M,6.237M,167.49M,597.22M,196.76M,614.55M,191.00M,24.95M,1.532B,124.78M,1.467B,2.846B,0.206M,1.816B,614.55M,1.379B,1.030B,764.71M,122.80M,299.65M,22.37M
NVR,2017-12,666.79M,1.438B,0,33.39,28.88,2.945M,14.07M,380.71M,2017-12,1.246B,124.62M,-6.315M,-6.315M,6.327M,150.03M,597.07M,266.98M,636.69M,261.32M,136.70M,1.819B,116.00M,1.605B,2.989B,0.206M,1.955B,636.69M,1.384B,1.035B,747.10M,113.73M,294.80M,20.03M
NVR,2017-09,626.88M,1.308B,0,43.26,38.02,3.291M,6.308M,361.90M,2017-09,1.377B,162.10M,-6.12M,-6.12M,6.308M,162.28M,596.91M,250.00M,639.64M,244.46M,82.36M,1.670B,113.62M,1.651B,3.050B,0.206M,2.040B,639.64M,1.399B,1.010B,759.20M,111.90M,301.70M,20.45M
NVR,2017-06,528.11M,1.218B,0,39.46,35.19,0,5.53M,327.96M,2017-06,1.365B,147.88M,-5.914M,-5.914M,5.53M,165.68M,596.76M,214.38M,619.87M,208.97M,61.09M,1.546B,115.03M,1.536B,2.918B,0.206M,1.934B,619.87M,1.382B,984.05M,762.44M,113.59M,302.70M,22.11M
NVR,2017-03,492.55M,1.026B,0,27.78,25.12,0,5.434M,252.74M,2017-03,1.232B,102.92M,-5.836M,-5.836M,5.434M,148.35M,596.61M,137.69M,589.06M,132.16M,29.24M,1.279B,116.15M,1.408B,2.742B,0.206M,1.762B,589.06M,1.334B,980.46M,744.96M,115.05M,271.23M,19.88M
NVR,2016-12,395.40M,1.413B,0,40.25,37.8,0,11.38M,341.78M,2016-12,1.092B,150.89M,-6.181M,-6.181M,4.903M,122.24M,596.46M,234.33M,620.81M,228.66M,77.77M,1.755B,108.05M,1.304B,2.644B,0.206M,1.526B,620.81M,1.340B,1.118B,718.69M,107.45M,283.61M,18.94M
NVR,2016-09,261.22M,1.242B,0,30.43,28.46,0,5.085M,297.28M,2016-09,1.317B,117.39M,-5.624M,-5.624M,5.085M,144.70M,596.30M,190.15M,623.08M,185.00M,67.61M,1.540B,107.83M,1.299B,2.663B,0.206M,1.592B,623.08M,1.364B,1.071B,741.00M,107.12M,313.14M,13.92M
NVR,2016-06,363.20M,1.126B,0,23.51,22.01,0,5.079M,263.25M,2016-06,1.248B,91.68M,-4.814M,-4.814M,5.079M,141.75M,596.15M,149.12M,602.93M,144.72M,53.04M,1.390B,114.88M,1.358B,2.698B,0.206M,1.628B,602.93M,1.341B,1.070B,737.90M,114.13M,308.32M,17.46M
NVR,2016-03,317.99M,925.76M,0,16.81,15.79,3.636M,5.093M,219.94M,2016-03,1.261B,65.30M,-5.088M,-5.088M,5.093M,126.55M,596.00M,108.14M,562.64M,103.31M,38.01M,1.146B,112.56M,1.256B,2.542B,0.206M,1.593B,562.64M,1.285B,948.70M,722.55M,111.80M,264.59M,13.83M
NVR,2015-12,424.33M,1.239B,0,34.23,31.92,3.982M,10.63M,318.82M,2015-12,1.007B,134.00M,-5.604M,-5.604M,5.313M,110.96M,595.85M,212.37M,565.74M,207.17M,73.16M,1.557B,106.91M,1.239B,2.512B,0.206M,1.468B,565.74M,1.273B,1.044B,706.81M,106.45M,260.82M,11.48M
NVR,2015-09,386.29M,1.112B,0,28.75,27.11,4.327M,5.502M,292.65M,2015-09,1.161B,116.47M,-6.081M,-6.081M,5.502M,132.07M,599.24M,190.71M,598.88M,185.00M,68.53M,1.404B,102.58M,1.240B,2.571B,0.206M,1.558B,598.88M,1.330B,1.013B,731.31M,101.94M,297.29M,9.85M
NVR,2015-06,495.73M,986.85M,0,22.97,21.91,4.673M,5.675M,258.08M,2015-06,1.085B,93.40M,-5.956M,-5.956M,5.675M,138.38M,599.21M,154.40M,583.76M,148.68M,55.29M,1.245B,104.81M,1.275B,2.596B,0.206M,1.597B,583.76M,1.321B,999.43M,737.60M,103.68M,284.20M,15.99M
NVR,2015-03,530.97M,781.67M,0,9.63,9.22,5.019M,5.957M,177.16M,2015-03,954.58M,39.06M,-5.918M,-5.918M,5.957M,125.96M,599.19M,68.18M,485.74M,62.36M,23.30M,958.83M,109.71M,1.165B,2.376B,0.206M,1.496B,485.74M,1.211B,880.56M,725.15M,108.98M,219.62M,10.02M
NVR,2014-12,544.94M,1.071B,0,24.22,23.24,5.364M,10.51M,259.00M,2014-12,869.49M,99.45M,-5.848M,-5.848M,6.189M,106.76M,599.23M,156.79M,521.10M,151.22M,51.77M,1.330B,102.71M,1.124B,2.351B,0.206M,1.424B,521.10M,1.227B,926.89M,705.98M,102.21M,232.04M,10.02M
NVR,2014-09,463.70M,960.06M,0,21.49,20.7,5.71M,6.459M,244.48M,2014-09,1.014B,90.15M,-5.775M,-5.775M,6.459M,119.42M,599.80M,149.33M,542.46M,143.79M,53.64M,1.205B,96.06M,1.151B,2.413B,0.206M,1.489B,542.46M,1.262B,924.18M,719.23M,95.16M,252.76M,11.46M
NVR,2014-06,551.86M,882.78M,0,15.68,15.17,6.055M,6.433M,220.10M,2014-06,952.50M,68.18M,-5.723M,-5.723M,6.433M,128.32M,600.38M,114.35M,554.15M,108.82M,40.65M,1.103B,106.20M,1.099B,2.382B,0.206M,1.520B,554.15M,1.283B,862.50M,728.70M,105.75M,258.10M,15.20M
NVR,2014-03,878.54M,655.15M,0,5.34,5.16,6.401M,4.999M,157.34M,2014-03,842.00M,23.85M,-5.794M,-5.794M,4.999M,119.10M,601.25M,55.44M,478.32M,49.71M,25.86M,812.49M,102.90M,1.326B,2.525B,0.206M,1.731B,478.32M,1.199B,794.16M,720.35M,101.90M,206.44M,10.06M
NVR,2013-12,865.58M,1.001B,0,21.74,21.15,6.747M,8.118M,242.32M,2013-12,738.56M,97.81M,-5.763M,-5.763M,4.699M,101.02M,602.44M,157.40M,521.33M,151.82M,54.01M,1.244B,85.73M,1.261B,2.486B,0.206M,1.614B,521.33M,1.225B,872.47M,703.46M,84.93M,205.11M,9.529M
NVR,2013-09,811.59M,964.42M,0,18.08,17.67,7.52M,4.165M,225.95M,2013-09,917.07M,82.94M,-5.682M,-5.682M,4.165M,122.23M,599.61M,137.05M,521.96M,131.59M,48.66M,1.190B,89.92M,1.275B,2.519B,0.206M,1.742B,521.96M,1.244B,777.10M,721.84M,88.89M,251.21M,13.14M
NVR,2013-06,777.26M,834.29M,89.65M,10.37,10.11,8.294M,3.593M,176.65M,2013-06,940.28M,50.69M,-5.374M,-5.374M,3.593M,137.76M,600.64M,85.38M,472.49M,80.18M,29.49M,1.011B,92.37M,1.320B,2.531B,0.206M,1.732B,472.49M,1.211B,798.80M,738.40M,91.27M,224.52M,14.82M
NVR,2013-03,1.087B,624.08M,0,7.04,6.84,8.819M,2.833M,147.13M,2013-03,841.85M,35.04M,-5.566M,-5.566M,2.833M,124.86M,601.55M,60.56M,386.55M,55.10M,20.06M,771.21M,87.59M,1.552B,2.665B,0.206M,1.944B,386.55M,1.113B,721.48M,726.41M,86.57M,193.55M,14.54M
NVR,2012-12,1.153B,756.40M,0,12.38,11.98,9.219M,5.856M,188.34M,2012-12,678.13M,60.63M,-5.495M,-5.495M,2.465M,99.69M,603.56M,101.34M,421.12M,96.03M,35.40M,944.74M,88.45M,1.480B,2.605B,0.206M,1.840B,421.12M,1.124B,764.69M,703.25M,87.01M,186.31M,9.421M
NVR,2012-09,1.078B,702.44M,0,10.6,10.33,48.93M,4.833M,169.23M,2012-09,700.18M,53.00M,-1.511M,-1.511M,29.31M,94.94M,599.83M,85.48M,405.29M,84.13M,31.13M,871.66M,84.34M,1.379B,2.481B,0.206M,1.916B,405.29M,1.101B,564.58M,696.13M,83.74M,178.54M,138.42M
NVR,2012-06,743.03M,624.98M,0,9.17,8.97,48.93M,0,145.62M,2012-06,701.16M,46.84M,-0.258M,-0.258M,27.06M,90.26M,2.793M,64.08M,376.09M,63.96M,17.12M,770.60M,82.08M,1.522B,1.991B,0.206M,1.454B,376.09M,469.14M,537.16M,93.05M,81.54M,185.71M,9.612M
NVR,2012-03,688.11M,491.83M,0,3.99,3.9,0,0,110.33M,2012-03,635.75M,20.12M,-0.265M,-0.265M,25.97M,79.37M,3.476M,31.15M,349.82M,30.96M,10.84M,602.16M,80.09M,1.418B,1.851B,0.206M,1.330B,349.82M,432.67M,521.03M,82.85M,79.18M,163.80M,6.028M
NVR,2011-12,480.33M,616.72M,0,6.51,6.32,48.93M,0,126.30M,2011-12,533.15M,32.39M,-4.158M,-4.158M,1.694M,61.22M,4.983M,54.15M,338.48M,50.44M,18.05M,743.02M,76.45M,1.375B,1.779B,0.206M,1.020B,338.48M,404.69M,759.21M,66.21M,72.15M,153.06M,6.789M
NVR,2011-09,496.45M,572.38M,0,8.19,7.98,0,0,136.09M,2011-09,581.21M,43.41M,1.113M,1.113M,24.05M,66.64M,7.351M,67.83M,378.55M,68.94M,25.53M,708.47M,68.26M,1.346B,1.800B,0.206M,1.277B,378.55M,453.60M,522.47M,75.04M,68.26M,175.26M,199.48M
NVR,2011-06,1.111B,558.60M,0,6.65,6.48,0,0,138.76M,2011-06,535.18M,38.44M,0.534M,0.534M,24.61M,0,9.473M,62.82M,358.16M,63.35M,24.91M,697.36M,75.94M,1.651B,2.176B,0.206M,1.654B,447.81M,524.88M,521.66M,77.07M,75.94M,173.55M,7.871M
