Ticker,Date,Accrued Comprehensive Inc,Cash and Short Term Investments,Cost of Goods Sold,Current Debt & Capital Lease Obligation,Current Deferred Liabilities,EPS Basic,EPS Diluted,Goodwill and Intangibles,Gross PP&E,Gross Profit,Income (Quarterly),Inventories,Net Income,Net Non-Operating Interest Income Expense,Net Operating Interest Income,Net PP&E,Non-Current Deferred Liabilities,Non-Current Portion of LTD and Capital Lease Obligation,Operating Income,Payables and Accrued Expenses,Pre-Tax Income,Provision for Income Taxes,Revenue,SG&A Expense,Shareholders Equity,Total Assets,Total Capital Stock,Total Current Assets,Total Current Liabilities,Total Liabilities,Total Long Term Assets,Total Long Term Liabilities,Total Operating Expenses,Total Payables,Total Receivables
NWL,2020-12,-880.00M,981.00M,1.805B,595.00M,0,0.3,0.3,7.117B,3.594B,884.00M,2020-12,1.638B,127.00M,-69.00M,-69.00M,1.706B,414.00M,5.613B,276.00M,2.79B,101.00M,-26.00M,2.689B,608.00M,3.874B,14.70B,448.00M,4.628B,3.621B,10.80B,10.07B,7.179B,608.00M,1.592B,1.678B
NWL,2020-09,-988.00M,858.00M,1.785B,228.00M,0,0.72,0.71,7.09B,3.491B,914.00M,2020-09,1.718B,304.00M,-71.00M,-71.00M,1.658B,463.00M,6.279B,369.00M,2.664B,283.00M,-21.00M,2.699B,545.00M,3.726B,14.72B,448.00M,4.704B,3.108B,10.97B,10.02B,7.862B,545.00M,1.497B,1.814B
NWL,2020-06,-1.006B,619.00M,1.447B,538.00M,0,0.18,0.18,7.057B,3.455B,664.00M,2020-06,1.714B,78.00M,-71.00M,-71.00M,1.671B,471.00M,6.275B,176.00M,2.22B,93.00M,15.00M,2.111B,488.00M,3.492B,14.26B,448.00M,4.286B,2.917B,10.74B,9.971B,7.824B,488.00M,1.264B,1.641B
NWL,2020-03,-1.055B,476.00M,1.269B,765.00M,0,-3.02,-3.02,7.05B,3.422B,617.00M,2020-03,1.70B,-1.279B,-63.00M,-63.00M,1.684B,498.00M,5.878B,69.00M,2.062B,-1.483B,-204.00M,1.886B,548.00M,3.454B,13.90B,448.00M,3.917B,2.951B,10.42B,9.986B,7.473B,548.00M,1.136B,1.398B
NWL,2019-12,-920.00M,349.00M,1.772B,464.00M,0,1.88,1.87,8.625B,3.493B,852.00M,2019-12,1.606B,794.00M,-70.00M,-70.00M,1.77B,625.00M,5.932B,212.00M,2.31B,57.00M,-721.00M,2.624B,640.00M,4.963B,15.64B,447.00M,4.11B,2.978B,10.65B,11.53B,7.668B,640.00M,1.216B,1.842B
NWL,2019-09,-1.038B,465.40M,1.722B,765.90M,0,-1.48,-1.48,8.289B,3.364B,847.00M,2019-09,1.877B,-626.00M,-75.00M,-75.00M,1.697B,759.20M,6.247B,217.00M,2.452B,-968.00M,-327.00M,2.569B,630.00M,4.138B,16.01B,446.90M,5.468B,3.684B,11.84B,10.54B,8.158B,630.00M,1.212B,1.873B
NWL,2019-06,-921.30M,624.50M,1.615B,171.70M,0,0.21,0.21,8.462B,2.779B,865.00M,2019-06,1.845B,90.00M,-78.00M,-78.00M,1.569B,1.025B,7.280B,253.00M,2.282B,153.00M,30.00M,2.48B,612.00M,4.969B,17.67B,446.90M,7.062B,3.136B,12.66B,10.60B,9.526B,612.00M,1.178B,1.769B
NWL,2019-03,-936.50M,364.10M,1.387B,711.40M,0,-0.36,-0.36,8.495B,2.772B,655.00M,2019-03,1.799B,-151.00M,-80.00M,-80.00M,1.55B,1.001B,7.242B,86.00M,1.958B,-94.00M,-20.00M,2.042B,569.00M,4.948B,18.11B,446.50M,7.516B,3.552B,13.12B,10.59B,9.571B,569.00M,1.028B,1.606B
NWL,2018-12,-912.80M,495.70M,2.030B,318.70M,0,0.46,0.46,10.02B,3.013B,1.063B,2018-12,1.761B,184.00M,-103.80M,-103.80M,1.226B,1.09B,6.696B,321.80M,2.500B,20.90M,-90.90M,3.093B,740.90M,5.218B,17.72B,446.10M,5.958B,3.304B,12.47B,11.76B,9.166B,740.90M,1.358B,2.164B
NWL,2018-09,-1.037B,1.444B,1.633B,316.30M,0,-15.52,-15.52,8.745B,2.100B,915.40M,2018-09,1.858B,-7.311B,-105.60M,-105.60M,916.90M,1.564B,9.297B,311.00M,2.422B,-7.945B,-1.220B,2.549B,604.40M,5.993B,22.40B,490.10M,12.21B,4.097B,16.37B,10.19B,12.28B,604.40M,1.267B,2.015B
NWL,2018-06,-990.20M,2.279B,1.427B,1.202B,230.90M,0.27,0.27,16.93B,2.085B,774.80M,2018-06,1.860B,131.70M,-120.50M,-120.50M,929.00M,3.098B,9.301B,161.20M,2.107B,-23.40M,53.00M,2.202B,613.60M,13.96B,32.19B,509.30M,13.75B,4.343B,18.20B,18.44B,13.86B,613.60M,1.080B,1.929B
NWL,2018-03,-711.70M,459.00M,1.206B,1.533B,75.40M,0.11,0.11,22.82B,3.510B,605.30M,2018-03,2.585B,53.30M,-116.10M,-116.10M,1.565B,3.281B,9.624B,-21.00M,2.768B,-141.10M,-86.40M,1.812B,626.30M,14.13B,33.47B,508.80M,8.471B,4.918B,19.30B,25.00B,14.38B,626.30M,1.468B,2.346B
NWL,2017-12,-763.10M,485.70M,2.746B,661.80M,187.50M,3.39,3.38,17.07B,2.087B,1.361B,2017-12,1.662B,1.653B,-115.90M,-115.90M,972.40M,2.553B,9.889B,489.90M,2.471B,346.90M,-1.415B,4.108B,871.40M,14.14B,33.14B,508.10M,10.73B,4.908B,18.95B,22.41B,14.05B,871.40M,1.448B,1.879B
NWL,2017-09,-771.60M,792.30M,1.602B,1.291B,0,0.48,0.48,24.83B,3.542B,864.90M,2017-09,2.862B,234.40M,-116.40M,-116.40M,1.675B,4.888B,10.18B,177.00M,3.102B,-20.00M,-131.10M,2.467B,687.90M,12.73B,33.89B,513.00M,6.949B,4.774B,21.12B,26.94B,16.34B,687.90M,1.840B,2.916B
NWL,2017-06,-825.00M,780.20M,1.650B,1.221B,0,0.46,0.46,24.73B,3.451B,877.20M,2017-06,2.650B,223.00M,-114.50M,-114.50M,1.653B,4.930B,10.17B,181.40M,3.226B,-54.90M,-71.50M,2.527B,695.80M,12.24B,33.95B,506.30M,7.131B,4.791B,21.67B,26.82B,16.88B,695.80M,1.903B,2.989B
NWL,2017-03,-948.70M,687.50M,2.149B,852.50M,0,1.32,1.31,24.33B,3.306B,1.117B,2017-03,2.477B,638.50M,-122.20M,-122.20M,1.564B,4.884B,10.33B,185.70M,3.177B,790.10M,151.60M,3.266B,931.50M,12.00B,33.34B,505.80M,6.489B,4.318B,21.31B,26.85B,16.99B,931.50M,1.725B,2.560B
NWL,2016-12,-1.045B,587.50M,-41.80M,601.90M,0,0.34,0.34,24.33B,3.216B,94.80M,2016-12,2.116B,165.60M,-123.60M,-123.60M,1.543B,5.083B,11.29B,-268.40M,2.782B,-403.20M,-2.30M,53.00M,363.20M,11.35B,33.84B,504.80M,7.484B,4.292B,22.45B,26.35B,18.16B,363.20M,1.584B,2.747B
NWL,2016-09,-881.00M,670.00M,2.680B,704.50M,0,0.39,0.38,24.57B,3.166B,1.275B,2016-09,2.434B,186.50M,-124.50M,-124.50M,1.514B,5.050B,12.04B,336.90M,2.783B,200.10M,13.60M,3.955B,937.90M,11.43B,34.42B,503.30M,7.880B,4.066B,22.95B,26.54B,18.89B,937.90M,1.511B,2.773B
NWL,2016-06,-881.20M,627.30M,2.763B,943.00M,0,0.3,0.3,24.93B,3.360B,1.096B,2016-06,2.909B,135.20M,-126.70M,-126.70M,1.709B,4.559B,12.04B,148.70M,2.859B,170.30M,34.50M,3.859B,947.00M,11.31B,33.96B,503.10M,6.819B,4.185B,22.61B,27.14B,18.43B,947.00M,1.641B,2.877B
NWL,2016-03,-874.20M,8.181B,809.30M,768.70M,0,0.15,0.15,3.888B,624.50M,505.60M,2016-03,871.50M,40.50M,-29.40M,-29.40M,624.50M,203.90M,10.61B,143.10M,1.259B,51.60M,11.30M,1.315B,362.50M,1.775B,15.33B,289.10M,10.49B,2.195B,13.55B,4.844B,11.36B,362.50M,663.80M,1.188B
NWL,2015-12,-833.80M,274.80M,963.60M,388.80M,0,0.05,0.05,3.855B,2.115B,597.20M,2015-12,721.80M,13.20M,-25.10M,-25.10M,599.20M,226.60M,2.669B,169.60M,1.371B,-92.80M,-13.10M,1.561B,427.60M,1.823B,7.260B,287.50M,2.494B,1.989B,5.433B,4.766B,3.444B,427.60M,709.80M,1.251B
NWL,2015-09,-908.70M,266.20M,931.10M,637.40M,0,0.5,0.5,3.356B,594.10M,598.90M,2015-09,898.80M,134.20M,-17.50M,-17.50M,594.10M,256.00M,2.097B,207.60M,1.306B,159.80M,25.80M,1.53B,391.30M,1.785B,6.794B,287.30M,2.586B,2.141B,5.006B,4.208B,2.864B,391.30M,679.30M,1.171B
NWL,2015-06,-860.20M,238.70M,939.90M,782.60M,0,0.55,0.55,3.362B,572.00M,621.00M,2015-06,935.60M,148.50M,-18.10M,-18.10M,572.00M,235.30M,2.081B,228.00M,1.362B,191.60M,43.50M,1.561B,393.00M,1.780B,6.959B,288.00M,2.753B,2.306B,5.176B,4.206B,2.869B,393.00M,756.70M,1.304B
NWL,2015-03,-887.60M,215.40M,776.50M,740.40M,0,0.2,0.2,3.352B,563.30M,487.50M,2015-03,852.30M,54.10M,-19.20M,-19.20M,563.30M,231.10M,2.094B,125.50M,1.180B,78.90M,22.00M,1.264B,362.00M,1.696B,6.605B,288.90M,2.423B,2.044B,4.906B,4.182B,2.861B,362.00M,615.60M,1.053B
NWL,2014-12,-794.40M,199.40M,951.90M,397.40M,0,0.19,0.19,3.433B,2.132B,574.10M,2014-12,708.50M,52.00M,-16.70M,-16.70M,559.10M,105.70M,2.084B,188.50M,1.295B,59.70M,10.40M,1.526B,385.60M,1.851B,6.564B,288.70M,2.292B,1.889B,4.709B,4.272B,2.821B,385.60M,680.90M,1.248B
NWL,2014-09,-689.10M,132.60M,907.80M,768.10M,0,0.45,0.44,3.173B,525.30M,576.70M,2014-09,789.40M,122.30M,-14.30M,-14.30M,525.30M,108.30M,1.419B,192.90M,1.247B,151.20M,28.30M,1.484B,383.80M,2.026B,6.349B,290.60M,2.377B,2.189B,4.320B,3.972B,2.132B,383.80M,579.10M,1.158B
NWL,2014-06,-620.70M,142.70M,906.60M,640.70M,0,0.54,0.54,2.955B,543.00M,595.60M,2014-06,811.80M,150.60M,-15.00M,-15.00M,543.00M,0,1.424B,224.80M,1.190B,200.90M,51.90M,1.502B,370.80M,2.100B,6.218B,293.20M,2.459B,1.986B,4.114B,3.760B,2.128B,370.80M,592.90M,1.230B
NWL,2014-03,-635.70M,136.80M,757.30M,319.50M,0,0.19,0.19,2.968B,541.30M,457.00M,2014-03,801.30M,52.90M,-14.40M,-14.40M,541.30M,0,1.667B,116.70M,1.104B,50.30M,-1.50M,1.214B,340.30M,2.07B,5.994B,296.00M,2.231B,1.553B,3.920B,3.763B,2.368B,340.30M,542.80M,973.10M
NWL,2013-12,-645.20M,226.30M,923.60M,174.80M,0,0.41,0.41,2.976B,2.127B,541.70M,2013-12,684.40M,117.30M,-15.00M,-15.00M,539.60M,0,1.662B,170.00M,1.216B,141.80M,25.50M,1.465B,371.70M,2.072B,6.070B,297.50M,2.286B,1.604B,3.995B,3.784B,2.390B,371.70M,558.90M,1.105B
NWL,2013-09,-777.50M,197.40M,913.60M,30.10M,0,0.67,0.66,2.971B,523.10M,552.50M,2013-09,822.60M,193.30M,-15.70M,-15.70M,523.10M,0,1.671B,209.80M,1.227B,162.10M,39.90M,1.466B,342.70M,2.190B,6.153B,306.00M,2.384B,1.443B,3.960B,3.769B,2.517B,342.70M,575.10M,1.057B
NWL,2013-06,-818.60M,154.10M,892.00M,413.20M,0,0.38,0.37,2.984B,533.40M,582.70M,2013-06,884.70M,109.80M,-15.00M,-15.00M,533.40M,0,1.669B,217.40M,1.266B,166.20M,49.60M,1.475B,365.30M,2.037B,6.403B,306.50M,2.600B,1.841B,4.362B,3.803B,2.521B,365.30M,658.10M,1.215B
NWL,2013-03,-811.00M,174.20M,767.20M,413.00M,0,0.19,0.19,2.983B,549.50M,473.60M,2013-03,815.00M,54.20M,-14.60M,-14.60M,549.50M,0,1.700B,132.20M,1.127B,70.20M,6.40M,1.241B,341.40M,1.985B,6.197B,307.00M,2.357B,1.675B,4.209B,3.841B,2.534B,341.40M,570.10M,1.021B
NWL,2012-12,-789.00M,183.80M,881.40M,211.90M,0,0.35,0.35,3.024B,2.144B,494.40M,2012-12,696.40M,101.90M,-17.40M,-17.40M,560.20M,0,1.706B,168.60M,1.140B,128.90M,29.20M,1.376B,325.80M,1.997B,6.222B,304.70M,2.271B,1.571B,4.222B,3.951B,2.651B,325.80M,527.40M,1.112B
NWL,2012-09,-676.10M,250.10M,897.90M,798.00M,0,0.37,0.37,3.017B,2.153B,559.00M,2012-09,822.80M,108.30M,-18.00M,-18.00M,549.60M,0,1.366B,199.30M,1.153B,163.50M,57.30M,1.457B,359.70M,2.063B,6.363B,305.30M,2.424B,2.146B,4.296B,3.939B,2.150B,359.70M,530.00M,1.074B
NWL,2012-06,-706.30M,370.80M,872.60M,1.122B,0,0.38,0.38,3.018B,0,552.70M,2012-06,860.00M,111.80M,-20.50M,-20.50M,551.70M,0,1.372B,187.40M,1.160B,156.30M,50.00M,1.425B,365.30M,1.971B,6.591B,306.50M,2.659B,2.448B,4.616B,3.932B,2.168B,365.30M,798.50M,1.106B
NWL,2012-03,-661.30M,190.10M,762.50M,509.70M,0,0.27,0.27,3.060B,0,488.00M,2012-03,858.90M,79.30M,-20.20M,-20.20M,561.60M,0,1.803B,135.30M,1.068B,103.30M,25.00M,1.250B,352.70M,1.947B,6.289B,307.60M,2.292B,1.728B,4.338B,3.997B,2.610B,352.70M,733.10M,942.20M
NWL,2011-12,-707.00M,170.20M,689.80M,367.50M,0,0.28,0.27,3.032B,0,452.50M,2011-12,699.90M,80.40M,-21.20M,-21.20M,551.40M,0,1.809B,152.20M,1.107B,157.60M,23.30M,1.142B,300.30M,1.849B,6.161B,305.30M,2.148B,1.661B,4.308B,4.013B,2.647B,300.30M,468.50M,1.002B
NWL,2011-09,-613.20M,138.90M,970.60M,503.30M,0,-0.61,-0.61,3.022B,0,579.30M,2011-09,873.20M,-177.60M,-21.80M,-21.80M,537.30M,0,1.811B,195.90M,1.151B,-220.00M,-53.60M,1.550B,383.40M,1.895B,6.212B,306.40M,2.289B,1.776B,4.313B,3.923B,2.537B,383.40M,522.90M,985.90M
NWL,2011-06,-541.00M,143.60M,960.90M,722.70M,0,0.5,0.49,3.469B,0,584.40M,2011-06,933.20M,146.70M,-21.30M,-21.30M,544.60M,0,1.806B,196.90M,1.400B,171.10M,25.70M,1.545B,387.50M,2.181B,6.892B,308.30M,2.532B,2.123B,4.708B,4.360B,2.585B,387.50M,659.10M,1.140B
NWL,2011-03,-555.20M,139.70M,789.30M,736.10M,0,0.26,0.25,3.454B,0,484.90M,2011-03,844.70M,75.70M,-21.90M,-21.90M,535.20M,0,1.796B,133.80M,1.269B,99.80M,25.90M,1.274B,351.10M,2.035B,6.637B,308.10M,2.304B,2.005B,4.598B,4.333B,2.594B,351.10M,548.90M,967.20M
