Ticker,Date,Accrued Comprehensive Inc,Cash and Short Term Investments,Cost of Goods Sold,Current Debt & Capital Lease Obligation,Current Deferred Liabilities,EPS Basic,EPS Diluted,Goodwill and Intangibles,Gross PP&E,Gross Profit,Income (Quarterly),Inventories,Net Income,Net Non-Operating Interest Income Expense,Net Operating Interest Income,Net PP&E,Non-Current Deferred Liabilities,Non-Current Portion of LTD and Capital Lease Obligation,Operating Income,Payables and Accrued Expenses,Pre-Tax Income,Provision for Income Taxes,Research and Development Expense,Revenue,SG&A Expense,Shareholders Equity,Total Assets,Total Capital Stock,Total Current Assets,Total Current Liabilities,Total Liabilities,Total Long Term Assets,Total Long Term Liabilities,Total Operating Expenses,Total Payables,Total Receivables
NXPI,2020-12,117.00M,2.275B,1.219B,1.749B,0,1.1,1.08,12.23B,6.521B,1.288B,2020-12,1.03B,309.00M,-67.00M,-67.00M,2.284B,85.00M,7.609B,459.00M,1.957B,326.00M,5.00M,460.00M,2.507B,221.00M,8.944B,19.85B,59.00M,4.324B,2.017B,10.70B,15.52B,8.679B,829.00M,991.00M,765.00M
NXPI,2020-09,90.00M,3.566B,1.177B,1.349B,0,-0.08,-0.08,12.34B,6.365B,1.09B,2020-09,1.064B,-22.00M,-101.00M,-101.00M,2.255B,136.00M,7.607B,31.00M,697.00M,-74.00M,-57.00M,438.00M,2.267B,203.00M,8.876B,21.12B,64.00M,5.604B,3.411B,12.05B,15.52B,8.638B,1.059B,697.00M,755.00M
NXPI,2020-06,50.00M,3.266B,957.00M,1.142B,0,-0.77,-0.77,12.77B,6.289B,860.00M,2020-06,1.228B,-214.00M,-91.00M,-91.00M,2.312B,136.00M,8.004B,-144.00M,729.00M,-241.00M,-33.00M,402.00M,1.817B,222.00M,8.862B,21.06B,64.00M,5.215B,2.992B,12.00B,15.84B,9.01B,1.004B,729.00M,481.00M
NXPI,2020-03,14.00M,1.079B,1.024B,1.177B,0,-0.08,-0.08,13.15B,6.239B,997.00M,2020-03,1.227B,-21.00M,-82.00M,-82.00M,2.397B,199.00M,7.366B,-42.00M,895.00M,-10.00M,2.00M,425.00M,2.021B,233.00M,9.036B,19.51B,64.00M,3.249B,1.831B,10.25B,16.26B,8.422B,1.039B,895.00M,616.00M
NXPI,2019-12,75.00M,1.045B,1.092B,1.117B,0,0.41,0.4,13.57B,6.19B,1.209B,2019-12,1.192B,114.00M,-84.00M,-84.00M,2.448B,282.00M,7.365B,195.00M,1.759B,104.00M,-20.00M,424.00M,2.301B,225.00M,9.441B,20.02B,64.00M,3.267B,1.791B,10.36B,16.75B,8.57B,1.014B,944.00M,667.00M
NXPI,2019-09,67.00M,3.537B,1.079B,1.107B,0,0.39,0.38,12.20B,6.033B,1.186B,2019-09,1.134B,109.00M,-85.00M,-85.00M,2.401B,285.00M,7.363B,211.00M,862.00M,148.00M,28.00M,396.00M,2.265B,221.00M,9.39B,21.25B,67.00M,5.944B,3.126B,11.66B,15.31B,8.533B,975.00M,862.00M,786.00M
NXPI,2019-06,118.00M,3.03B,1.066B,1.002B,0,0.15,0.14,12.52B,5.916B,1.151B,2019-06,1.144B,41.00M,-78.00M,-78.00M,2.397B,337.00M,7.361B,158.00M,770.00M,68.00M,21.00M,408.00M,2.217B,230.00M,9.325B,21.06B,67.00M,5.431B,2.983B,11.54B,15.63B,8.556B,993.00M,770.00M,780.00M
NXPI,2019-03,109.00M,2.192B,1.022B,0,0,-0.07,-0.07,12.95B,5.814B,1.072B,2019-03,1.241B,-21.00M,-77.00M,-77.00M,2.407B,390.00M,6.223B,52.00M,815.00M,-29.00M,-9.00M,415.00M,2.094B,248.00M,9.741B,20.67B,67.00M,4.62B,3.262B,10.74B,16.05B,7.479B,1.02B,815.00M,800.00M
NXPI,2018-12,123.00M,2.789B,1.16B,0,0,0.94,0.94,13.32B,5.735B,1.243B,2018-12,1.279B,276.00M,-64.00M,-64.00M,2.436B,450.00M,6.247B,225.00M,2.218B,147.00M,-141.00M,403.00M,2.403B,251.00M,10.50B,21.53B,67.00M,5.225B,3.385B,10.84B,16.30B,7.455B,1.018B,999.00M,792.00M
NXPI,2018-09,126.00M,1.944B,1.189B,0,0,5.64,5.6,13.63B,5.582B,1.256B,2018-09,1.284B,1.82B,-118.00M,-118.00M,2.394B,502.00M,5.354B,209.00M,2.532B,2.092B,311.00M,433.00M,2.445B,252.00M,10.63B,21.06B,71.00M,4.403B,3.596B,10.25B,16.65B,6.655B,1.047B,949.00M,845.00M
NXPI,2018-06,120.00M,2.981B,1.11B,2.00M,0,0.16,0.16,13.99B,5.43B,1.18B,2018-06,1.326B,54.00M,-50.00M,-50.00M,2.352B,579.00M,5.341B,137.00M,1.784B,66.00M,4.00M,438.00M,2.29B,242.00M,13.73B,22.64B,71.00M,5.511B,1.85B,8.755B,17.13B,6.905B,1.043B,1.072B,790.00M
NXPI,2018-03,212.00M,3.983B,1.097B,1.249B,0,0.17,0.17,14.37B,5.284B,1.172B,2018-03,1.251B,58.00M,-63.00M,-63.00M,2.307B,650.00M,5.329B,138.00M,1.849B,70.00M,2.00M,426.00M,2.269B,248.00M,13.69B,24.13B,71.00M,6.561B,3.165B,10.24B,17.57B,7.072B,1.034B,984.00M,791.00M
NXPI,2017-12,177.00M,3.547B,1.214B,751.00M,0,2.2,2.17,14.73B,5.17B,1.242B,2017-12,1.236B,753.00M,-74.00M,-74.00M,2.295B,701.00M,5.814B,212.00M,1.893B,131.00M,-629.00M,414.00M,2.456B,269.00M,13.53B,24.05B,71.00M,6.044B,2.718B,10.33B,18.00B,7.615B,1.03B,1.146B,879.00M
NXPI,2017-09,180.00M,3.065B,1.172B,754.00M,0,0.32,0.31,15.14B,5.031B,1.215B,2017-09,1.205B,108.00M,-68.00M,-68.00M,2.288B,1.325B,5.802B,168.00M,1.87B,87.00M,-30.00M,392.00M,2.387B,292.00M,12.82B,23.79B,71.00M,5.506B,2.703B,10.80B,18.29B,8.101B,1.047B,1.052B,915.00M
NXPI,2017-06,159.00M,2.642B,1.119B,758.00M,0,0.15,0.14,15.47B,4.897B,1.083B,2017-06,1.178B,49.00M,-70.00M,-70.00M,2.306B,1.379B,5.79B,66.00M,1.869B,-25.00M,-54.00M,381.00M,2.202B,263.00M,12.58B,23.63B,71.00M,5.071B,2.714B,10.80B,18.56B,8.082B,1.017B,1.068B,915.00M
NXPI,2017-03,100.00M,2.238B,1.132B,11.00M,0,3.88,3.79,15.84B,4.727B,1.079B,2017-03,1.144B,1.305B,-83.00M,-83.00M,2.279B,1.489B,6.498B,81.00M,1.959B,1.543B,230.00M,367.00M,2.211B,266.00M,12.39B,23.61B,71.00M,4.682B,2.065B,10.99B,18.93B,8.926B,998.00M,975.00M,983.00M
NXPI,2016-12,34.00M,1.894B,1.251B,421.00M,0,0.38,0.37,16.19B,4.666B,1.189B,2016-12,1.113B,520.00M,-99.00M,-99.00M,2.352B,1.659B,8.766B,172.00M,1.685B,77.00M,-456.00M,362.00M,2.44B,292.00M,10.94B,24.90B,71.00M,5.398B,2.433B,13.74B,19.50B,11.31B,1.017B,973.00M,1.033B
NXPI,2016-09,232.00M,1.569B,1.285B,621.00M,0,0.27,0.26,16.57B,4.496B,1.184B,2016-09,1.141B,91.00M,-105.00M,-105.00M,2.366B,1.81B,8.761B,174.00M,1.601B,59.00M,-44.00M,379.00M,2.469B,270.00M,10.55B,24.79B,71.00M,5.203B,2.563B,14.04B,19.59B,11.48B,1.01B,889.00M,1.157B
NXPI,2016-06,201.00M,1.335B,1.266B,622.00M,0,-0.04,-0.04,16.72B,5.613B,1.099B,2016-06,1.167B,-13.00M,-99.00M,-99.00M,2.403B,1.867B,8.272B,-36.00M,1.622B,-152.00M,-152.00M,416.00M,2.365B,283.00M,10.88B,24.58B,71.00M,4.939B,2.592B,13.51B,19.64B,10.92B,1.135B,873.00M,1.085B
NXPI,2016-03,241.00M,1.488B,1.627B,736.00M,0,-1.16,-1.16,17.68B,0,597.00M,2016-03,1.452B,-398.00M,-103.00M,-103.00M,2.848B,2.044B,8.27B,-469.00M,1.769B,-587.00M,-199.00M,403.00M,2.224B,296.00M,11.19B,25.37B,71.00M,4.245B,2.698B,13.88B,21.13B,11.18B,1.066B,948.00M,1.054B
NXPI,2015-12,181.00M,1.614B,987.00M,556.00M,0,3.7,3.56,18.02B,5.505B,619.00M,2015-12,1.879B,972.00M,-142.00M,-142.00M,2.922B,2.293B,8.656B,-245.00M,1.795B,839.00M,-148.00M,318.00M,1.606B,413.00M,11.52B,26.35B,68.00M,4.812B,2.548B,14.55B,21.54B,12.00B,864.00M,1.014B,1.047B
NXPI,2015-09,191.00M,2.492B,782.00M,532.00M,0,1.56,1.49,2.303B,3.626B,740.00M,2015-09,751.00M,361.00M,-57.00M,-57.00M,1.097B,76.00M,4.518B,371.00M,965.00M,391.00M,15.00M,178.00M,1.522B,162.00M,889.00M,8.25B,51.00M,4.399B,1.777B,7.093B,3.851B,5.316B,369.00M,736.00M,657.00M
NXPI,2015-06,198.00M,2.435B,782.00M,33.00M,0,1.29,1.23,2.321B,3.571B,724.00M,2015-06,756.00M,300.00M,-56.00M,-56.00M,1.078B,0,5.014B,331.00M,1.013B,334.00M,14.00M,195.00M,1.506B,167.00M,651.00M,8.193B,51.00M,4.257B,1.32B,7.292B,3.936B,5.972B,393.00M,739.00M,574.00M
NXPI,2015-03,189.00M,1.355B,763.00M,32.00M,0,-0.46,-0.46,2.512B,3.596B,704.00M,2015-03,772.00M,-107.00M,-373.00M,-373.00M,1.107B,0,4.012B,295.00M,957.00M,-78.00M,15.00M,199.00M,1.467B,180.00M,455.00M,7.065B,51.00M,2.894B,1.325B,6.33B,4.171B,5.005B,409.00M,755.00M,585.00M
NXPI,2014-12,210.00M,1.185B,833.00M,20.00M,0,0.64,0.61,2.694B,3.683B,704.00M,2014-12,755.00M,149.00M,-44.00M,-44.00M,1.123B,0,3.936B,308.00M,1.263B,173.00M,9.00M,198.00M,1.537B,46.00M,538.00M,6.85B,51.00M,2.63B,1.32B,6.049B,4.22B,4.729B,396.00M,729.00M,593.00M
NXPI,2014-09,307.00M,594.00M,802.00M,18.00M,0,0.51,0.49,2.796B,3.622B,713.00M,2014-09,748.00M,121.00M,-37.00M,-37.00M,1.087B,0,3.79B,306.00M,897.00M,139.00M,4.00M,196.00M,1.515B,211.00M,586.00M,6.266B,51.00M,2.183B,1.265B,5.435B,4.083B,4.17B,407.00M,670.00M,728.00M
NXPI,2014-06,350.00M,661.00M,711.00M,37.00M,0,0.66,0.64,2.995B,2.19B,638.00M,2014-06,751.00M,159.00M,-38.00M,-38.00M,1.079B,0,3.543B,242.00M,906.00M,189.00M,12.00M,180.00M,1.349B,216.00M,1.026B,6.496B,51.00M,2.216B,1.286B,5.242B,4.28B,3.956B,396.00M,627.00M,669.00M
NXPI,2014-03,350.00M,720.00M,661.00M,37.00M,0,0.45,0.43,3.061B,2.117B,585.00M,2014-03,740.00M,110.00M,-40.00M,-40.00M,1.045B,0,3.546B,183.00M,783.00M,138.00M,15.00M,189.00M,1.246B,213.00M,1.024B,6.489B,51.00M,2.187B,1.235B,5.206B,4.302B,3.971B,402.00M,558.00M,590.00M
NXPI,2013-12,347.00M,670.00M,704.00M,40.00M,0,0.39,0.37,3.113B,3.592B,589.00M,2013-12,740.00M,96.00M,-56.00M,-56.00M,1.048B,0,3.281B,197.00M,789.00M,119.00M,10.00M,168.00M,1.293B,224.00M,1.301B,6.449B,51.00M,2.092B,1.193B,4.903B,4.357B,3.71B,392.00M,544.00M,542.00M
NXPI,2013-09,307.00M,941.00M,679.00M,465.00M,0,0.62,0.6,3.11B,2.073B,570.00M,2013-09,754.00M,155.00M,-49.00M,-49.00M,1.032B,0,3.232B,168.00M,1.041B,171.00M,1.00M,163.00M,1.249B,239.00M,1.202B,6.744B,51.00M,2.413B,1.605B,5.306B,4.331B,3.701B,402.00M,545.00M,582.00M
NXPI,2013-06,264.00M,569.00M,653.00M,50.00M,7.00M,0.44,0.43,3.094B,2.09B,535.00M,2013-06,742.00M,111.00M,-55.00M,-55.00M,1.03B,0,3.331B,169.00M,1.025B,124.00M,-2.00M,155.00M,1.188B,211.00M,1.114B,6.296B,51.00M,1.997B,1.181B,4.963B,4.299B,3.782B,366.00M,521.00M,544.00M
NXPI,2013-03,300.00M,595.00M,602.00M,291.00M,0,-0.06,-0.06,3.109B,2.103B,483.00M,2013-03,730.00M,-14.00M,-62.00M,-62.00M,1.039B,0,3.149B,108.00M,1.112B,-37.00M,11.00M,153.00M,1.085B,222.00M,1.027B,6.281B,51.00M,1.956B,1.403B,5.006B,4.325B,3.603B,375.00M,513.00M,512.00M
NXPI,2012-12,343.00M,617.00M,626.00M,307.00M,0,-0.47,-0.47,3.242B,2.185B,490.00M,2012-12,715.00M,-116.00M,-70.00M,-70.00M,1.07B,0,3.185B,31.00M,858.00M,-120.00M,-7.00M,171.00M,1.116B,288.00M,1.049B,6.439B,51.00M,1.954B,1.496B,5.155B,4.485B,3.659B,459.00M,562.00M,510.00M
NXPI,2012-09,303.00M,702.00M,634.00M,244.00M,0,0.46,0.45,3.258B,2.046B,536.00M,2012-09,671.00M,115.00M,-70.00M,-70.00M,1.086B,0,3.338B,147.00M,1.062B,135.00M,6.00M,153.00M,1.17B,236.00M,1.187B,6.501B,51.00M,1.971B,1.309B,5.097B,4.53B,3.788B,389.00M,549.00M,485.00M
NXPI,2012-06,359.00M,837.00M,556.00M,52.00M,0,-0.36,-0.36,3.247B,2.017B,538.00M,2012-06,644.00M,-90.00M,-74.00M,-74.00M,1.044B,0,3.767B,151.00M,1.048B,-22.00M,7.00M,156.00M,1.094B,231.00M,1.016B,6.536B,51.00M,2.061B,1.105B,5.319B,4.475B,4.214B,387.00M,524.00M,467.00M
NXPI,2012-03,323.00M,782.00M,554.00M,382.00M,0,-0.1,-0.1,3.461B,2.065B,424.00M,2012-03,619.00M,-24.00M,-90.00M,-90.00M,1.049B,0,3.447B,54.00M,821.00M,-18.00M,-5.00M,148.00M,978.00M,222.00M,1.168B,6.682B,51.00M,1.989B,1.404B,5.328B,4.693B,3.924B,370.00M,462.00M,433.00M
NXPI,2011-12,364.00M,743.00M,542.00M,52.00M,0,-0.72,-0.72,3.402B,2.156B,389.00M,2011-12,618.00M,-182.00M,-93.00M,-93.00M,1.063B,0,3.747B,2.00M,755.00M,-158.00M,2.00M,151.00M,931.00M,236.00M,1.145B,6.612B,51.00M,1.966B,1.049B,5.255B,4.646B,4.206B,387.00M,498.00M,479.00M
NXPI,2011-09,472.00M,865.00M,572.00M,49.00M,0,1.21,1.21,3.59B,1.939B,488.00M,2011-09,610.00M,301.00M,-81.00M,-81.00M,1.107B,0,3.772B,104.00M,954.00M,-65.00M,20.00M,165.00M,1.06B,219.00M,1.357B,7.014B,51.00M,2.077B,1.23B,5.454B,4.937B,4.224B,384.00M,532.00M,446.00M
NXPI,2011-06,483.00M,859.00M,598.00M,641.00M,0,0.34,0.33,3.894B,1.981B,523.00M,2011-06,571.00M,84.00M,-79.00M,-79.00M,1.156B,0,4.065B,133.00M,965.00M,114.00M,0,165.00M,1.121B,229.00M,1.218B,7.798B,51.00M,2.159B,1.835B,6.387B,5.639B,4.552B,390.00M,561.00M,470.00M
NXPI,2011-03,0,879.00M,576.00M,435.00M,0,0.75,0.73,3.875B,0,506.00M,2011-03,537.00M,187.00M,-81.00M,-81.00M,1.148B,0,4.198B,118.00M,984.00M,209.00M,-1.00M,154.00M,1.082B,234.00M,1.131B,7.753B,0,2.155B,1.681B,6.376B,5.598B,4.695B,388.00M,539.00M,463.00M
