Ticker,Date,Accrued Comprehensive Inc,Cash and Short Term Investments,Cost of Goods Sold,Current Debt & Capital Lease Obligation,Current Deferred Liabilities,EPS Basic,EPS Diluted,Goodwill and Intangibles,Gross PP&E,Gross Profit,Income (Quarterly),Inventories,Net Income,Net Non-Operating Interest Income Expense,Net Operating Interest Income,Net PP&E,Non-Current Deferred Liabilities,Non-Current Portion of LTD and Capital Lease Obligation,Operating Income,Payables and Accrued Expenses,Pre-Tax Income,Provision for Income Taxes,Research and Development Expense,Revenue,SG&A Expense,Shareholders Equity,Total Assets,Total Capital Stock,Total Current Assets,Total Current Liabilities,Total Liabilities,Total Long Term Assets,Total Long Term Liabilities,Total Operating Expenses,Total Payables,Total Receivables
ORCL,2021-02,-1.155B,35.86B,1.915B,5.758B,8.088B,1.72,1.68,46.71B,13.82B,8.17B,2021-02,0,5.021B,-562.00M,-562.00M,6.816B,7.892B,63.54B,3.957B,812.00M,3.276B,-1.745B,1.621B,10.08B,2.245B,8.90B,118.11B,26.26B,43.74B,20.25B,108.47B,74.36B,88.22B,4.213B,812.00M,4.637B
ORCL,2020-11,-1.286B,38.59B,1.939B,7.251B,8.062B,0.82,0.8,46.94B,13.08B,7.861B,2020-11,0,2.442B,-573.00M,-573.00M,6.627B,0,63.53B,3.755B,724.00M,2.972B,530.00M,1.601B,9.80B,2.16B,7.917B,110.01B,26.30B,46.25B,21.35B,101.40B,63.76B,80.05B,4.106B,724.00M,4.423B
ORCL,2020-08,-1.337B,42.28B,1.88B,2.997B,9.875B,0.74,0.72,47.27B,0,7.487B,2020-08,0,2.251B,-583.00M,-583.00M,6.401B,0,67.77B,3.404B,534.00M,2.595B,344.00M,1.589B,9.367B,2.149B,9.491B,113.55B,26.24B,49.94B,18.75B,103.41B,63.61B,84.66B,4.083B,534.00M,4.576B
ORCL,2020-05,-1.716B,43.06B,1.969B,2.371B,8.002B,1,0.98,47.51B,0,8.47B,2020-05,0,3.116B,-509.00M,-509.00M,6.244B,0,69.23B,4.389B,637.00M,3.696B,580.00M,1.479B,10.44B,2.237B,12.07B,115.44B,26.49B,52.14B,17.20B,102.72B,63.30B,85.52B,4.081B,637.00M,5.551B
ORCL,2020-02,-1.679B,25.86B,1.964B,2.355B,7.814B,0.81,0.79,47.87B,0,7.832B,2020-02,0,2.571B,-334.00M,-334.00M,6.248B,0,49.32B,3.595B,533.00M,3.076B,505.00M,1.50B,9.796B,2.337B,14.24B,96.70B,26.68B,33.44B,15.74B,81.82B,63.26B,66.08B,4.237B,533.00M,4.162B
ORCL,2019-11,-1.637B,27.44B,2.048B,999.00M,8.087B,0.71,0.69,48.30B,0,7.566B,2019-11,0,2.311B,-320.00M,-320.00M,6.27B,0,50.67B,3.237B,534.00M,2.81B,499.00M,1.531B,9.614B,2.391B,15.56B,98.44B,26.37B,34.54B,14.59B,82.26B,63.90B,67.67B,4.329B,534.00M,4.05B
ORCL,2019-08,-1.571B,35.70B,1.957B,3.748B,10.09B,0.64,0.63,48.59B,0,7.261B,2019-08,0,2.137B,-304.00M,-304.00M,6.264B,0,50.69B,2.98B,486.00M,2.482B,345.00M,1.557B,9.218B,2.31B,18.43B,106.23B,26.45B,42.38B,18.88B,87.21B,63.84B,68.34B,4.281B,486.00M,3.82B
ORCL,2019-05,-1.628B,37.83B,2.063B,4.494B,8.374B,1.1,1.07,49.06B,0,9.074B,2019-05,0,3.74B,-323.00M,-323.00M,6.252B,0,51.67B,4.44B,580.00M,3.866B,126.00M,1.562B,11.14B,2.648B,21.78B,108.71B,26.91B,46.39B,18.63B,86.35B,62.32B,67.72B,4.634B,580.00M,5.134B
ORCL,2019-02,-1.734B,40.03B,1.976B,4.487B,8.007B,0.78,0.76,49.45B,0,7.638B,2019-02,0,2.745B,-263.00M,-263.00M,6.197B,0,51.67B,3.438B,603.00M,3.088B,343.00M,1.426B,9.614B,2.367B,23.71B,109.44B,26.73B,47.62B,17.99B,85.20B,61.82B,67.21B,4.20B,603.00M,3.993B
ORCL,2018-11,-1.965B,49.39B,2.001B,6.477B,8.246B,0.63,0.61,49.88B,0,7.561B,2018-11,0,2.333B,-223.00M,-223.00M,6.003B,0,51.56B,3.262B,587.00M,2.774B,441.00M,1.475B,9.562B,2.40B,30.57B,118.32B,27.43B,56.94B,20.32B,87.26B,61.38B,66.95B,4.299B,587.00M,3.975B
ORCL,2018-08,-1.766B,60.09B,1.953B,3.743B,10.35B,0.58,0.57,50.00B,11.81B,7.24B,2018-08,496.00M,2.265B,-181.00M,-181.00M,5.918B,0,54.39B,2.882B,527.00M,2.54B,275.00M,1.564B,9.193B,2.36B,38.07B,128.36B,27.81B,67.01B,19.56B,89.79B,61.35B,70.23B,4.358B,527.00M,3.729B
ORCL,2018-05,-1.689B,67.26B,2.173B,4.491B,8.341B,0.84,0.82,50.42B,10.29B,8.841B,2018-05,436.00M,3.276B,-197.00M,-197.00M,5.897B,0,56.13B,4.263B,529.00M,3.907B,631.00M,1.543B,11.01B,2.62B,46.37B,137.85B,28.95B,76.16B,19.12B,90.98B,61.69B,71.85B,4.578B,529.00M,5.136B
ORCL,2018-02,-1.296B,70.46B,1.996B,4.491B,8.003B,-0.98,-0.98,49.36B,8.096B,7.68B,2018-02,312.00M,-4.047B,-220.00M,-220.00M,5.904B,0,56.22B,3.409B,603.00M,3.191B,7.238B,1.496B,9.676B,2.381B,47.79B,138.20B,29.05B,77.73B,17.97B,89.93B,60.47B,71.96B,4.271B,603.00M,3.902B
ORCL,2017-11,-902.00M,71.58B,1.96B,2.499B,8.076B,0.53,0.52,49.76B,0,7.629B,2017-11,391.00M,2.214B,-194.00M,-194.00M,5.868B,0,58.17B,3.348B,554.00M,2.826B,612.00M,1.473B,9.589B,2.408B,55.87B,138.76B,28.47B,78.54B,15.49B,82.46B,60.22B,66.97B,4.281B,554.00M,3.798B
ORCL,2017-08,-716.00M,66.90B,1.928B,4.998B,10.27B,0.52,0.5,50.21B,0,7.176B,2017-08,327.00M,2.144B,-212.00M,-212.00M,5.586B,0,48.29B,2.885B,593.00M,2.50B,356.00M,1.572B,9.104B,2.308B,55.96B,133.60B,28.09B,73.34B,20.23B,77.23B,60.26B,57.00B,4.291B,593.00M,3.591B
ORCL,2017-05,-803.00M,66.08B,1.986B,9.797B,8.233B,0.78,0.76,50.72B,0,8.971B,2017-05,286.00M,3.349B,-255.00M,-255.00M,5.315B,0,48.11B,4.413B,599.00M,3.924B,575.00M,1.602B,10.96B,2.515B,53.86B,134.99B,27.06B,74.52B,24.18B,80.74B,60.48B,56.57B,4.558B,599.00M,5.30B
ORCL,2017-02,-931.00M,59.35B,1.892B,3.498B,7.388B,0.55,0.53,50.29B,0,7.313B,2017-02,212.00M,2.239B,-253.00M,-253.00M,5.07B,0,50.47B,3.15B,481.00M,2.698B,459.00M,1.521B,9.205B,2.245B,50.62B,125.38B,25.97B,66.01B,15.79B,74.36B,59.37B,58.57B,4.163B,481.00M,3.721B
ORCL,2016-11,-1.072B,58.21B,1.797B,3.838B,7.411B,0.5,0.48,50.05B,0,7.238B,2016-11,0,2.032B,-247.00M,-247.00M,4.882B,0,50.49B,3.163B,615.00M,2.685B,653.00M,1.51B,9.035B,2.263B,48.46B,123.60B,25.16B,64.73B,16.35B,74.76B,58.87B,58.41B,4.075B,615.00M,3.69B
ORCL,2016-08,-533.00M,68.40B,1.776B,999.00M,9.462B,0.44,0.43,40.44B,0,6.819B,2016-08,0,1.832B,-239.00M,-239.00M,4.108B,0,53.06B,2.754B,551.00M,2.373B,541.00M,1.52B,8.595B,2.234B,47.44B,123.22B,24.59B,74.45B,15.14B,75.39B,48.77B,60.25B,4.065B,551.00M,3.407B
ORCL,2016-05,-816.00M,56.12B,1.936B,3.75B,7.655B,0.68,0.66,39.53B,0,8.658B,2016-05,0,2.814B,-206.00M,-206.00M,4.00B,0,40.10B,4.14B,504.00M,3.732B,918.00M,1.534B,10.59B,2.629B,47.29B,112.18B,24.22B,64.31B,17.21B,64.39B,47.87B,47.18B,4.518B,504.00M,5.385B
ORCL,2016-02,-1.046B,50.77B,1.839B,2.00B,6.912B,0.51,0.5,39.53B,7.295B,7.173B,2016-02,212.00M,2.142B,-219.00M,-219.00M,4.011B,0,40.11B,3.153B,410.00M,2.732B,590.00M,1.419B,9.012B,2.193B,45.87B,104.89B,23.53B,57.07B,11.82B,58.56B,47.82B,46.73B,4.02B,410.00M,3.844B
ORCL,2015-11,-1.239B,52.34B,1.853B,2.00B,6.998B,0.52,0.51,39.77B,6.239B,7.14B,2015-11,238.00M,2.197B,-248.00M,-248.00M,3.855B,0,39.94B,3.043B,415.00M,2.668B,471.00M,1.444B,8.993B,2.23B,45.92B,106.48B,23.43B,58.62B,13.75B,60.15B,47.86B,46.40B,4.097B,415.00M,3.956B
ORCL,2015-08,-1.139B,55.93B,1.85B,1.999B,9.078B,0.4,0.4,40.09B,0,6.598B,2015-08,251.00M,1.747B,-257.00M,-257.00M,3.896B,0,40.05B,2.768B,422.00M,2.31B,563.00M,1.39B,8.448B,1.988B,47.10B,109.71B,23.27B,62.12B,15.39B,62.17B,47.58B,46.78B,3.83B,422.00M,3.475B
ORCL,2015-05,-996.00M,54.37B,2.053B,1.999B,7.245B,0.63,0.62,40.49B,0,8.653B,2015-05,314.00M,2.757B,-227.00M,-227.00M,3.686B,0,39.96B,4.22B,806.00M,3.697B,940.00M,1.436B,10.71B,2.49B,48.66B,110.90B,23.16B,62.52B,15.21B,61.80B,48.38B,46.60B,4.433B,806.00M,5.618B
ORCL,2015-02,-764.00M,43.78B,1.90B,1.508B,6.443B,0.57,0.56,41.17B,0,7.427B,2015-02,285.00M,2.495B,-191.00M,-191.00M,3.335B,0,30.26B,3.439B,944.00M,3.15B,655.00M,1.37B,9.327B,2.091B,48.10B,98.82B,22.69B,51.29B,13.79B,50.28B,47.52B,36.49B,3.988B,944.00M,4.178B
ORCL,2014-11,-468.00M,44.73B,1.899B,1.516B,6.816B,0.57,0.56,40.55B,0,7.699B,2014-11,208.00M,2.502B,-203.00M,-203.00M,3.169B,0,32.46B,3.573B,930.00M,3.269B,767.00M,1.389B,9.598B,2.169B,47.54B,98.30B,22.04B,52.04B,11.98B,50.34B,46.26B,38.36B,4.126B,930.00M,4.326B
ORCL,2014-08,-193.00M,51.62B,1.681B,1.525B,8.939B,0.49,0.48,35.31B,0,6.915B,2014-08,179.00M,2.184B,-172.00M,-172.00M,3.086B,0,32.57B,3.057B,848.00M,2.718B,534.00M,1.329B,8.596B,1.982B,47.35B,99.73B,21.71B,58.19B,13.38B,51.80B,41.53B,38.42B,3.858B,848.00M,3.551B
ORCL,2014-05,-164.00M,38.82B,1.932B,0,7.269B,0.81,0.8,35.79B,0,9.388B,2014-05,189.00M,3.646B,-166.00M,-166.00M,3.061B,0,22.59B,4.966B,887.00M,4.588B,942.00M,1.348B,11.32B,2.506B,46.88B,90.27B,21.08B,48.13B,14.39B,42.82B,42.14B,28.43B,4.422B,887.00M,6.087B
ORCL,2014-02,-235.00M,37.22B,1.775B,0,6.473B,0.57,0.56,35.88B,0,7.532B,2014-02,227.00M,2.565B,-161.00M,-161.00M,3.052B,0,22.68B,3.60B,834.00M,3.249B,684.00M,1.292B,9.307B,2.08B,44.71B,86.56B,20.34B,44.40B,13.09B,41.33B,42.16B,28.24B,3.932B,834.00M,4.071B
ORCL,2013-11,-226.00M,36.97B,1.807B,0,6.667B,0.56,0.56,34.79B,0,7.468B,2013-11,234.00M,2.553B,-165.00M,-165.00M,3.039B,0,22.64B,3.479B,951.00M,3.203B,650.00M,1.273B,9.275B,2.139B,43.56B,85.24B,19.40B,44.25B,13.11B,41.17B,40.99B,28.06B,3.989B,951.00M,4.192B
ORCL,2013-08,-344.00M,39.10B,1.721B,1.533B,8.524B,0.48,0.47,34.88B,5.756B,6.651B,2013-08,243.00M,2.191B,-160.00M,-160.00M,3.052B,0,22.58B,2.939B,938.00M,2.663B,472.00M,1.237B,8.372B,1.88B,43.54B,86.41B,19.06B,45.46B,14.53B,42.42B,40.95B,27.89B,3.712B,938.00M,3.45B
ORCL,2013-05,-99.00M,32.22B,2.094B,1.25B,7.118B,0.81,0.8,33.98B,5.419B,8.853B,2013-05,240.00M,3.806B,-152.00M,-152.00M,3.053B,0,18.49B,4.777B,1.33B,4.826B,1.02B,1.264B,10.95B,2.216B,44.65B,81.81B,18.89B,41.69B,12.87B,36.67B,40.12B,23.80B,4.076B,1.33B,6.049B
ORCL,2013-02,154.00M,33.41B,1.716B,1.25B,6.278B,0.53,0.52,32.76B,5.095B,7.242B,2013-02,211.00M,2.504B,-143.00M,-143.00M,3.034B,0,18.50B,3.408B,361.00M,3.09B,586.00M,1.186B,8.958B,2.062B,43.35B,79.45B,18.64B,40.69B,11.92B,35.66B,38.76B,23.74B,3.834B,361.00M,4.169B
ORCL,2012-11,222.00M,33.70B,1.794B,1.25B,6.504B,0.54,0.53,32.33B,0,7.30B,2012-11,164.00M,2.581B,-134.00M,-134.00M,3.093B,0,18.51B,3.481B,372.00M,3.28B,699.00M,1.199B,9.094B,2.036B,42.98B,79.66B,18.02B,41.13B,12.35B,36.25B,38.53B,23.90B,3.819B,372.00M,4.401B
ORCL,2012-08,311.00M,31.61B,1.775B,2.95B,8.316B,0.42,0.41,32.66B,0,6.406B,2012-08,148.00M,2.034B,-131.00M,-131.00M,3.037B,0,13.52B,2.766B,388.00M,2.702B,668.00M,1.201B,8.181B,1.82B,43.33B,76.56B,17.90B,38.17B,13.96B,32.82B,38.39B,18.87B,3.64B,388.00M,3.775B
ORCL,2012-05,112.00M,30.68B,2.143B,0,7.035B,0.69,0.68,33.02B,0,8.773B,2012-05,158.00M,3.452B,-136.00M,-136.00M,3.021B,0,13.52B,4.666B,966.00M,4.383B,931.00M,1.226B,10.92B,2.241B,43.69B,78.33B,17.49B,40.02B,15.39B,34.24B,38.30B,18.85B,4.107B,966.00M,6.377B
ORCL,2012-02,416.00M,29.74B,1.908B,0,6.285B,0.5,0.49,31.27B,0,7.131B,2012-02,172.00M,2.498B,-130.00M,-130.00M,2.936B,0,14.78B,3.419B,442.00M,3.148B,650.00M,1.145B,9.039B,1.961B,42.87B,74.36B,17.34B,37.54B,11.63B,31.10B,36.82B,19.46B,3.712B,442.00M,4.656B
ORCL,2011-11,292.00M,31.01B,1.956B,0,6.091B,0.43,0.43,29.15B,0,6.836B,2011-11,218.00M,2.192B,-134.00M,-134.00M,2.90B,0,14.78B,3.168B,445.00M,2.96B,768.00M,1.102B,8.792B,1.974B,41.92B,72.91B,17.24B,38.48B,11.07B,30.64B,34.43B,19.57B,3.668B,445.00M,4.434B
ORCL,2011-08,592.00M,31.66B,1.988B,1.15B,7.925B,0.36,0.36,29.49B,0,6.386B,2011-08,259.00M,1.84B,-135.00M,-135.00M,2.93B,0,14.79B,2.803B,614.00M,2.471B,631.00M,1.05B,8.374B,1.941B,40.89B,73.86B,16.92B,39.21B,13.06B,32.62B,34.65B,19.56B,3.583B,614.00M,4.194B
ORCL,2011-05,542.00M,28.85B,2.169B,0,6.802B,0.63,0.63,29.41B,0,8.606B,2011-05,303.00M,3.209B,-150.00M,-150.00M,2.857B,0,14.77B,4.484B,494.00M,4.17B,961.00M,1.17B,10.78B,2.353B,39.78B,73.54B,16.65B,39.17B,14.19B,33.29B,34.36B,19.10B,4.122B,494.00M,6.628B
