Ticker,Date,Accrued Comprehensive Inc,Cash and Short Term Investments,Cost of Goods Sold,Current Debt & Capital Lease Obligation,Current Deferred Liabilities,EPS Basic,EPS Diluted,Goodwill and Intangibles,Gross PP&E,Gross Profit,Income (Quarterly),Inventories,Net Income,Net Non-Operating Interest Income Expense,Net Operating Interest Income,Net PP&E,Non-Current Deferred Liabilities,Non-Current Portion of LTD and Capital Lease Obligation,Operating Income,Payables and Accrued Expenses,Pre-Tax Income,Provision for Income Taxes,Revenue,SG&A Expense,Shareholders Equity,Total Assets,Total Capital Stock,Total Current Assets,Total Current Liabilities,Total Liabilities,Total Long Term Assets,Total Long Term Liabilities,Total Operating Expenses,Total Payables,Total Receivables
Ticker,2020-12,-2.155M,465.64M,1.357B,322.78M,0,5.45,5.4,881.03M,8.555B,1.472B,2020-12,3.653B,392.94M,-37.75M,-37.75M,6.090B,155.90M,5.842B,534.27M,4.290B,499.93M,106.98M,2.829B,937.87M,140.26M,11.60B,0.711M,4.500B,5.262B,11.46B,7.097B,6.194B,937.87M,4.201B,330.29M
Ticker,2020-09,-17.04M,1.627B,1.527B,818.32M,0,7.13,7.07,873.72M,8.411B,1.680B,2020-09,3.527B,527.25M,-41.09M,-41.09M,5.987B,174.18M,5.763B,725.01M,4.216B,686.41M,159.15M,3.208B,955.46M,709.22M,12.50B,0.733M,5.533B,5.669B,11.79B,6.971B,6.125B,955.46M,4.088B,333.53M
Ticker,2020-06,-22.11M,872.42M,1.454B,318.60M,0,7.16,7.1,873.00M,8.330B,1.637B,2020-06,3.529B,531.67M,-41.09M,-41.09M,5.965B,155.53M,5.780B,736.49M,4.135B,700.41M,168.74M,3.092B,900.69M,589.10M,11.73B,0.741M,4.784B,5.022B,11.14B,6.944B,6.117B,900.69M,4.028B,330.17M
Ticker,2020-03,-25.76M,287.07M,1.181B,316.93M,0,4,3.97,910.14M,8.250B,1.296B,2020-03,3.557B,300.44M,-38.71M,-38.71M,5.944B,73.21M,6.133B,423.56M,3.875B,379.66M,79.22M,2.476B,872.34M,108.84M,11.11B,0.742M,4.202B,4.625B,11.00B,6.907B,6.375B,872.34M,3.771B,304.61M
Ticker,2019-12,4.89M,40.41M,1.158B,316.06M,0,4.29,4.25,936.81M,8.120B,1.325B,2019-12,3.454B,324.92M,-34.56M,-34.56M,5.877B,133.28M,5.546B,441.50M,3.706B,409.31M,84.40M,2.483B,883.08M,397.34M,10.72B,0.756M,3.834B,4.469B,10.32B,6.883B,5.850B,883.08M,3.605B,294.41M
Ticker,2019-09,0,42.80M,1.244B,308.73M,0,5.14,5.08,808.26M,7.962B,1.423B,2019-09,3.349B,391.29M,-35.20M,-35.20M,5.780B,117.55M,5.346B,536.36M,3.811B,501.89M,110.60M,2.667B,886.17M,166.22M,10.37B,0.757M,3.724B,4.581B,10.21B,6.648B,5.626B,886.17M,3.707B,300.14M
Ticker,2019-06,0,55.81M,1.222B,304.03M,0,4.56,4.51,808.39M,7.781B,1.368B,2019-06,3.262B,353.68M,-33.94M,-33.94M,5.649B,113.53M,5.415B,498.07M,3.613B,464.97M,111.29M,2.590B,870.21M,144.68M,10.20B,0.767M,3.701B,4.360B,10.06B,6.501B,5.697B,870.21M,3.526B,339.98M
Ticker,2019-03,0,56.72M,1.131B,296.60M,0,4.09,4.05,808.72M,7.648B,1.279B,2019-03,3.229B,321.15M,-33.74M,-33.74M,5.563B,109.48M,5.090B,444.79M,3.626B,414.15M,93.00M,2.411B,834.50M,372.36M,10.06B,0.783M,3.650B,4.326B,9.689B,6.412B,5.363B,834.50M,3.531B,317.13M
Ticker,2018-12,0,31.32M,1.081B,0,0,3.76,3.72,807.26M,5.646B,1.234B,2018-12,3.193B,300.36M,-30.78M,-30.78M,3.587B,105.57M,3.417B,428.04M,3.474B,393.16M,92.80M,2.315B,806.28M,353.67M,7.981B,0.79M,3.543B,3.894B,7.627B,4.438B,3.733B,806.28M,3.387B,270.18M
Ticker,2018-09,0,40.02M,1.167B,0,0,4.54,4.5,789.18M,5.512B,1.316B,2018-09,3.140B,366.15M,-30.91M,-30.91M,3.502B,102.64M,3.174B,485.15M,3.474B,455.65M,89.50M,2.483B,830.61M,498.38M,7.895B,0.803M,3.560B,3.905B,7.396B,4.335B,3.491B,830.61M,3.384B,325.93M
Ticker,2018-06,0,36.87M,1.167B,0,0,4.32,4.28,789.10M,5.385B,1.289B,2018-06,3.092B,353.07M,-30.26M,-30.26M,3.435B,94.43M,3.254B,479.15M,3.410B,449.87M,96.80M,2.456B,809.49M,384.99M,7.767B,0.81M,3.501B,3.819B,7.382B,4.266B,3.563B,809.49M,3.328B,320.09M
Ticker,2018-03,0,38.52M,1.081B,0,0,3.65,3.61,789.10M,5.292B,1.201B,2018-03,3.053B,304.91M,-27.64M,-27.64M,3.390B,89.78M,3.193B,422.85M,3.374B,395.41M,90.50M,2.283B,778.41M,423.83M,7.667B,0.823M,3.446B,3.748B,7.243B,4.220B,3.495B,778.41M,3.289B,302.62M
Ticker,2017-12,0,46.35M,1.032B,0,0,3.56,3.52,789.06M,5.191B,1.159B,2017-12,3.010B,302.32M,-26.22M,-26.22M,3.344B,85.41M,2.978B,402.84M,3.267B,376.72M,74.41M,2.191B,756.34M,653.05M,7.572B,0.843M,3.398B,3.647B,6.919B,4.174B,3.271B,756.34M,3.190B,292.49M
Ticker,2017-09,0,37.29M,1.110B,0,0,3.26,3.22,787.21M,5.115B,1.230B,2017-09,2.988B,283.73M,-23.73M,-23.73M,3.293B,131.85M,2.901B,461.96M,3.241B,439.53M,155.80M,2.340B,768.33M,614.18M,7.479B,0.853M,3.358B,3.628B,6.865B,4.121B,3.237B,768.33M,3.160B,299.12M
Ticker,2017-06,0,26.53M,1.091B,0,0,3.14,3.1,786.94M,5.035B,1.200B,2017-06,2.959B,282.82M,-20.36M,-20.36M,3.229B,98.05M,2.604B,457.44M,3.194B,436.33M,153.50M,2.291B,742.62M,869.31M,7.346B,0.88M,3.290B,3.566B,6.476B,4.056B,2.910B,742.62M,3.124B,265.55M
Ticker,2017-03,0,27.54M,1.025B,0,0,2.88,2.83,785.57M,4.935B,1.131B,2017-03,2.873B,264.93M,-18.70M,-18.70M,3.175B,92.61M,1.978B,403.16M,3.153B,385.22M,120.29M,2.156B,727.99M,1.423B,7.204B,0.913M,3.206B,3.506B,5.781B,3.998B,2.275B,727.99M,3.078B,266.81M
Ticker,2016-12,0,146.60M,985.08M,0,0,2.62,2.59,785.40M,4.832B,1.114B,2016-12,2.779B,246.03M,-17.65M,-17.65M,3.123B,90.17M,1.887B,407.71M,3.008B,390.93M,144.90M,2.099B,706.52M,1.627B,7.204B,0.929M,3.258B,3.401B,5.577B,3.946B,2.176B,706.52M,2.937B,279.38M
Ticker,2016-09,0,560.32M,1.051B,0,0,2.93,2.9,757.25M,4.720B,1.170B,2016-09,2.790B,278.49M,-17.48M,-17.48M,3.059B,84.21M,1.887B,447.81M,3.072B,431.89M,153.40M,2.221B,722.22M,1.901B,7.522B,0.947M,3.670B,3.465B,5.622B,3.853B,2.156B,722.22M,2.999B,287.52M
Ticker,2016-06,0,398.26M,1.050B,0,0,2.69,2.65,757.13M,4.588B,1.127B,2016-06,2.741B,257.79M,-17.51M,-17.51M,2.979B,72.96M,1.886B,425.06M,2.977B,408.79M,151.00M,2.177B,702.12M,1.690B,7.211B,0.949M,3.438B,3.367B,5.521B,3.773B,2.154B,702.12M,2.915B,265.02M
Ticker,2016-03,0,716.01M,998.57M,0,0,2.63,2.59,757.13M,4.474B,1.098B,2016-03,2.702B,255.37M,-14.07M,-14.07M,2.914B,76.45M,1.886B,418.63M,2.964B,405.57M,150.20M,2.096B,678.95M,1.940B,7.420B,0.967M,3.701B,3.316B,5.480B,3.718B,2.164B,678.95M,2.897B,246.77M
Ticker,2015-12,0,116.30M,921.41M,0,7.445M,2.22,2.19,757.14M,4.372B,1.028B,2015-12,2.631B,218.58M,-13.48M,-13.48M,2.862B,79.77M,1.390B,362.62M,2.669B,349.63M,131.05M,1.949B,665.02M,1.961B,6.677B,0.977M,3.010B,3.046B,4.715B,3.667B,1.669B,665.02M,2.610B,233.69M
Ticker,2015-09,0,276.92M,990.95M,0,9.817M,2.68,2.64,757.09M,4.275B,1.089B,2015-09,2.607B,266.27M,-13.74M,-13.74M,2.805B,72.20M,1.397B,415.26M,2.728B,400.87M,134.60M,2.080B,673.99M,2.002B,6.775B,0.987M,3.158B,3.104B,4.773B,3.618B,1.669B,673.99M,2.644B,240.75M
Ticker,2015-06,0,260.04M,976.73M,0.006M,16.65M,2.32,2.29,756.85M,4.167B,1.059B,2015-06,2.561B,233.51M,-13.74M,-13.74M,2.744B,77.28M,1.397B,385.77M,2.649B,372.21M,138.70M,2.036B,673.02M,1.970B,6.668B,0.996M,3.109B,3.007B,4.698B,3.559B,1.691B,673.02M,2.565B,250.31M
Ticker,2015-03,0,473.65M,914.94M,0.025M,21.04M,2.09,2.06,756.38M,4.080B,986.96M,2015-03,2.528B,212.86M,-13.82M,-13.82M,2.699B,81.33M,1.397B,350.37M,2.625B,337.66M,124.80M,1.902B,636.59M,2.144B,6.786B,1.013M,3.274B,2.952B,4.642B,3.512B,1.690B,636.59M,2.550B,231.56M
Ticker,2014-12,0,250.56M,852.07M,0.044M,22.18M,1.79,1.76,756.38M,3.994B,912.11M,2014-12,2.555B,181.68M,-13.47M,-13.47M,2.659B,102.42M,1.388B,303.01M,2.496B,290.11M,108.43M,1.764B,609.10M,2.018B,6.532B,1.016M,3.065B,2.813B,4.514B,3.467B,1.700B,609.10M,2.417B,213.21M
Ticker,2014-09,0,298.28M,908.67M,0.062M,21.98M,2.1,2.06,756.34M,3.895B,968.20M,2014-09,2.518B,217.00M,-12.43M,-12.43M,2.601B,61.79M,1.396B,343.77M,2.499B,332.32M,115.32M,1.877B,624.43M,1.976B,6.475B,1.024M,3.071B,2.846B,4.499B,3.404B,1.653B,624.43M,2.428B,219.85M
Ticker,2014-06,0,453.43M,896.21M,0.074M,20.22M,1.94,1.91,756.35M,3.785B,950.88M,2014-06,2.463B,205.65M,-12.31M,-12.31M,2.529B,66.06M,1.396B,336.47M,2.385B,324.80M,119.15M,1.847B,614.40M,2.118B,6.508B,1.047M,3.172B,2.727B,4.390B,3.336B,1.663B,614.40M,2.318B,217.22M
Ticker,2014-03,0,511.83M,850.23M,0.067M,10.97M,1.64,1.61,756.22M,3.676B,877.72M,2014-03,2.397B,173.86M,-12.78M,-12.78M,2.463B,75.16M,1.396B,287.12M,2.277B,274.96M,101.10M,1.728B,590.60M,2.163B,6.430B,1.063M,3.161B,2.598B,4.267B,3.268B,1.669B,590.60M,2.213B,211.74M
Ticker,2013-12,0,231.32M,801.93M,0.068M,0,1.43,1.4,756.22M,3.607B,819.30M,2013-12,2.375B,152.35M,-12.38M,-12.38M,2.425B,80.71M,1.396B,255.76M,2.122B,243.90M,91.55M,1.621B,563.54M,1.966B,6.067B,1.059M,2.835B,2.423B,4.101B,3.232B,1.678B,563.54M,2.057B,198.12M
Ticker,2013-09,0,363.01M,848.86M,0,0,1.72,1.69,758.52M,3.525B,879.16M,2013-09,2.365B,186.49M,-12.78M,-12.78M,2.378B,96.55M,1.396B,300.38M,2.137B,288.29M,101.80M,1.728B,578.78M,2.036B,6.167B,1.077M,2.976B,2.439B,4.131B,3.191B,1.692B,578.78M,2.076B,214.29M
Ticker,2013-06,0,365.93M,843.09M,0.069M,12.08M,1.61,1.58,758.54M,3.432B,871.88M,2013-06,2.345B,177.13M,-11.00M,-11.00M,2.302B,86.85M,1.396B,296.26M,2.131B,286.13M,109.00M,1.715B,575.61M,2.006B,6.124B,1.089M,3.005B,2.430B,4.118B,3.118B,1.687B,575.61M,2.070B,258.11M
Ticker,2013-03,0,205.41M,786.35M,0.083M,13.20M,1.38,1.36,758.58M,3.342B,798.66M,2013-03,2.296B,154.33M,-10.92M,-10.92M,2.244B,83.13M,1.096B,251.08M,2.082B,240.63M,86.30M,1.585B,547.58M,2.073B,5.790B,1.11M,2.741B,2.349B,3.717B,3.048B,1.368B,547.58M,2.023B,204.88M
Ticker,2012-12,0,248.13M,738.00M,0.222M,19.47M,1.16,1.14,758.41M,3.270B,750.38M,2012-12,2.276B,132.80M,-10.89M,-10.89M,2.212B,79.54M,1.096B,222.97M,1.995B,212.68M,79.88M,1.488B,527.41M,2.108B,5.749B,1.13M,2.733B,2.273B,3.641B,3.016B,1.368B,527.41M,1.935B,181.17M
Ticker,2012-09,0,422.70M,796.06M,0.353M,1.279M,1.34,1.32,744.15M,3.190B,805.49M,2012-09,2.207B,159.33M,-9.886M,-9.886M,2.174B,107.99M,1.096B,263.32M,1.973B,253.98M,94.65M,1.602B,542.18M,2.259B,5.849B,1.161M,2.883B,2.195B,3.591B,2.967B,1.395B,542.18M,1.875B,222.75M
Ticker,2012-06,0,367.72M,782.99M,0.522M,1.516M,1.17,1.15,769.56M,3.166B,779.86M,2012-06,2.145B,146.12M,-8.482M,-8.482M,2.153B,93.71M,796.88M,243.60M,1.797B,235.07M,88.95M,1.563B,536.26M,2.613B,5.710B,1.22M,2.764B,2.013B,3.097B,2.946B,1.085B,536.26M,1.700B,213.64M
Ticker,2012-03,0,575.20M,767.71M,0.625M,3.671M,1.16,1.14,744.03M,3.102B,761.68M,2012-03,2.005B,147.49M,-8.504M,-8.504M,2.127B,92.32M,796.86M,247.50M,1.599B,239.79M,92.30M,1.529B,514.18M,2.872B,5.754B,1.26M,2.830B,1.802B,2.882B,2.924B,1.081B,514.18M,1.506B,213.20M
Ticker,2011-12,0,361.55M,696.61M,0.662M,1.99M,0.96,0.94,743.91M,3.027B,694.70M,2011-12,1.986B,122.99M,-8.834M,-8.834M,2.094B,88.86M,796.91M,204.11M,1.332B,197.59M,74.60M,1.391B,490.58M,2.845B,5.501B,1.272M,2.608B,1.580B,2.656B,2.893B,1.076B,490.58M,1.279B,203.75M
Ticker,2011-09,0,276.72M,781.24M,0.804M,0,1.12,1.1,743.94M,2.951B,754.21M,2011-09,2.009B,148.44M,-6.696M,-6.696M,2.058B,76.92M,796.96M,241.05M,1.292B,235.03M,86.59M,1.535B,513.16M,2.831B,5.397B,1.284M,2.537B,1.506B,2.566B,2.860B,1.060B,513.16M,1.203B,201.56M
Ticker,2011-06,0,268.79M,760.66M,1.005M,0,0.97,0.96,744.03M,2.861B,718.66M,2011-06,2.035B,133.77M,-5.695M,-5.695M,2.009B,73.70M,497.55M,222.37M,1.224B,216.98M,83.21M,1.479B,496.29M,3.153B,5.366B,1.36M,2.554B,1.458B,2.213B,2.812B,754.27M,496.29M,1.141B,203.99M
Ticker,2011-03,0,230.05M,712.96M,1.208M,0,0.73,0.72,743.90M,2.785B,669.78M,2011-03,2.001B,102.47M,-4.695M,-4.695M,1.972B,63.08M,497.64M,196.44M,1.145B,166.17M,63.70M,1.383B,473.34M,3.188B,5.248B,1.387M,2.467B,1.318B,2.060B,2.781B,742.26M,473.34M,1.062B,196.86M
