Ticker,Date,Accrued Comprehensive Inc,Cash and Short Term Investments,Cost of Goods Sold,Current Debt & Capital Lease Obligation,Current Deferred Liabilities,EPS Basic,EPS Diluted,Goodwill and Intangibles,Gross PP&E,Gross Profit,Income (Quarterly),Inventories,Net Income,Net Non-Operating Interest Income Expense,Net Operating Interest Income,Net PP&E,Non-Current Deferred Liabilities,Non-Current Portion of LTD and Capital Lease Obligation,Operating Income,Payables and Accrued Expenses,Pre-Tax Income,Provision for Income Taxes,Revenue,SG&A Expense,Shareholders Equity,Total Assets,Total Capital Stock,Total Current Assets,Total Current Liabilities,Total Liabilities,Total Long Term Assets,Total Long Term Liabilities,Total Operating Expenses,Total Payables,Total Receivables
OXY,2020-12,-288.00M,2.008B,3.519B,913.00M,0,-1.41,-1.41,8.461B,120.03B,641.00M,2020-12,1.898B,-1.112B,-379.00M,-379.00M,66.95B,7.113B,36.39B,-417.00M,6.557B,-1.425B,-276.00M,4.16B,209.00M,18.57B,80.06B,9.978B,8.819B,8.223B,61.49B,71.24B,53.27B,1.058B,2.987B,2.115B
OXY,2020-09,-283.00M,1.896B,3.522B,3.017B,0,-4.07,-4.07,0,121.66B,586.00M,2020-09,1.66B,-3.575B,-332.00M,-332.00M,69.62B,7.508B,36.68B,-363.00M,6.152B,-4.058B,-403.00M,4.108B,166.00M,19.86B,84.43B,9.978B,10.69B,10.50B,64.57B,73.74B,54.07B,949.00M,2.682B,2.083B
OXY,2020-06,-312.00M,1.011B,3.541B,2.88B,0,-9.12,-9.12,0,126.65B,-613.00M,2020-06,1.477B,-8.131B,-277.00M,-277.00M,73.73B,7.887B,36.77B,-1.42B,6.249B,-8.184B,-1.468B,2.928B,225.00M,23.35B,89.45B,9.975B,8.437B,9.919B,66.11B,81.02B,56.19B,807.00M,3.034B,2.359B
OXY,2020-03,-334.00M,2.021B,4.293B,2.917B,0,-2.49,-2.49,0,124.66B,2.117B,2020-03,1.436B,-2.013B,-318.00M,-318.00M,80.27B,9.403B,36.83B,885.00M,7.155B,-2.095B,-82.00M,6.41B,260.00M,31.30B,101.64B,9.972B,14.11B,11.96B,70.35B,87.53B,58.38B,1.232B,3.845B,2.458B
OXY,2019-12,-221.00M,3.032B,4.502B,630.00M,0,-1.5,-1.5,0,125.68B,2.126B,2019-12,1.581B,-1.139B,-392.00M,-392.00M,83.64B,9.717B,39.41B,395.00M,10.36B,-869.00M,167.00M,6.628B,345.00M,34.23B,107.19B,9.971B,14.63B,12.70B,72.96B,92.56B,60.25B,1.731B,4.91B,4.233B
OXY,2019-09,-332.00M,4.84B,3.923B,494.00M,0,-1.08,-1.08,0,138.00B,1.936B,2019-09,1.601B,-794.00M,-325.00M,-325.00M,91.20B,9.92B,48.26B,801.00M,13.00B,-574.00M,163.00M,5.859B,245.00M,36.08B,125.44B,9.971B,20.94B,15.70B,84.44B,104.50B,68.74B,1.135B,7.825B,5.854B
OXY,2019-06,-184.00M,1.751B,2.815B,368.00M,0,0.84,0.84,0,77.68B,1.605B,2019-06,1.582B,635.00M,-112.00M,-112.00M,32.80B,950.00M,10.60B,991.00M,7.512B,941.00M,306.00M,4.42B,163.00M,21.35B,44.77B,179.00M,9.425B,7.88B,23.42B,35.34B,15.54B,614.00M,5.445B,5.273B
OXY,2019-03,-168.00M,1.752B,2.652B,356.00M,0,0.84,0.84,0,76.50B,1.352B,2019-03,1.484B,631.00M,-20.00M,-20.00M,32.58B,918.00M,10.67B,796.00M,7.181B,856.00M,225.00M,4.004B,140.00M,21.24B,44.38B,179.00M,9.27B,7.537B,23.14B,35.11B,15.61B,556.00M,5.261B,5.31B
OXY,2018-12,-172.00M,3.033B,3.009B,116.00M,0,0.93,0.93,0,74.42B,1.753B,2018-12,1.26B,706.00M,-64.00M,-64.00M,31.44B,907.00M,10.20B,1.093B,7.296B,832.00M,126.00M,4.762B,162.00M,21.33B,43.85B,179.00M,9.932B,7.412B,22.52B,33.92B,15.11B,660.00M,4.885B,4.893B
OXY,2018-09,-154.00M,2.954B,2.768B,116.00M,0,2.44,2.44,0,72.98B,2.448B,2018-09,1.009B,1.869B,-62.00M,-62.00M,31.16B,1.162B,10.20B,1.842B,8.256B,2.579B,710.00M,5.216B,151.00M,21.49B,44.96B,179.00M,11.11B,8.372B,23.46B,33.84B,15.09B,606.00M,5.443B,6.00B
OXY,2018-06,-308.00M,1.362B,2.412B,500.00M,0,1.1,1.1,0,71.21B,1.671B,2018-06,1.347B,848.00M,-59.00M,-59.00M,30.43B,738.00M,10.31B,1.133B,7.933B,1.072B,302.00M,4.083B,142.00M,20.93B,44.07B,179.00M,10.99B,8.078B,23.14B,33.08B,15.06B,538.00M,5.412B,5.521B
OXY,2018-03,-312.00M,1.606B,2.284B,500.00M,0,0.92,0.92,0,71.26B,1.479B,2018-03,1.057B,708.00M,-68.00M,-68.00M,31.34B,659.00M,10.31B,1.049B,7.07B,984.00M,339.00M,3.763B,130.00M,20.72B,42.81B,179.00M,8.894B,7.07B,22.09B,33.91B,15.02B,430.00M,5.059B,5.184B
OXY,2017-12,-258.00M,1.672B,2.226B,500.00M,0,0.65,0.65,0,70.25B,1.266B,2017-12,1.246B,497.00M,-60.00M,-60.00M,31.17B,581.00M,9.328B,498.00M,6.90B,343.00M,-431.00M,3.492B,-430.00M,20.57B,42.03B,179.00M,8.27B,7.40B,21.45B,33.76B,14.05B,768.00M,4.408B,4.145B
OXY,2017-09,-238.00M,1.806B,2.352B,500.00M,0,0.25,0.25,0,70.32B,647.00M,2017-09,1.007B,190.00M,-71.00M,-71.00M,32.06B,978.00M,9.326B,211.00M,5.862B,215.00M,85.00M,2.999B,352.00M,20.67B,41.44B,179.00M,7.045B,6.362B,20.77B,34.40B,14.41B,436.00M,3.734B,3.749B
OXY,2017-06,-252.00M,2.218B,2.475B,2.00B,0,0.66,0.66,0,68.80B,585.00M,2017-06,920.00M,507.00M,-55.00M,-55.00M,31.47B,1.059B,9.324B,148.00M,5.875B,605.00M,285.00M,3.06B,352.00M,21.04B,41.98B,179.00M,8.075B,6.391B,20.94B,33.91B,14.55B,437.00M,3.825B,3.913B
OXY,2017-03,-253.00M,1.494B,2.368B,0,0,0.15,0.15,0,69.61B,589.00M,2017-03,1.005B,117.00M,-60.00M,-60.00M,32.00B,1.031B,9.322B,238.00M,6.226B,165.00M,78.00M,2.957B,272.00M,21.08B,42.46B,179.00M,8.238B,6.852B,21.39B,34.23B,14.53B,351.00M,4.071B,4.316B
OXY,2016-12,-266.00M,2.233B,2.376B,0,0,-0.36,-0.36,0,71.29B,412.00M,2016-12,866.00M,-272.00M,-42.00M,-42.00M,32.34B,1.132B,9.819B,-76.00M,6.362B,-640.00M,-333.00M,2.788B,404.00M,21.50B,43.11B,178.00M,8.428B,6.362B,21.61B,34.68B,15.25B,488.00M,3.926B,3.989B
OXY,2016-09,-294.00M,3.18B,2.384B,0,0,-0.32,-0.32,0,72.50B,264.00M,2016-09,927.00M,-241.00M,-43.00M,-43.00M,30.42B,1.411B,8.333B,-122.00M,5.688B,-326.00M,-30.00M,2.648B,316.00M,22.30B,41.63B,178.00M,8.711B,5.688B,19.33B,32.92B,13.65B,386.00M,3.392B,3.521B
OXY,2016-06,-299.00M,3.751B,2.314B,0,0,-0.18,-0.18,0,72.25B,217.00M,2016-06,906.00M,-139.00M,-61.00M,-61.00M,31.04B,1.646B,8.331B,-222.00M,5.267B,-283.00M,-96.00M,2.531B,338.00M,23.10B,42.40B,178.00M,8.972B,5.267B,19.29B,33.42B,14.03B,439.00M,3.126B,3.113B
OXY,2016-03,-304.00M,3.176B,2.383B,0,0,0.1,0.1,0,71.64B,-260.00M,2016-03,997.00M,78.00M,-40.00M,-40.00M,31.50B,1.642B,5.608B,-616.00M,4.826B,-596.00M,-203.00M,2.123B,272.00M,23.79B,42.02B,178.00M,8.237B,6.826B,18.23B,33.78B,11.40B,356.00M,2.801B,2.78B
OXY,2015-12,-307.00M,3.201B,2.63B,1.45B,0,-6.78,-6.78,0,71.06B,176.00M,2015-12,986.00M,-5.178B,-31.00M,-31.00M,31.64B,1.323B,6.855B,-207.00M,5.282B,-6.749B,-1.19B,2.806B,320.00M,24.35B,43.41B,178.00M,9.402B,6.842B,19.06B,34.01B,12.22B,383.00M,3.069B,2.97B
OXY,2015-09,-559.00M,2.547B,2.536B,1.45B,0,-3.42,-3.42,0,73.45B,580.00M,2015-09,1.122B,-2.609B,-17.00M,-17.00M,36.84B,2.579B,6.882B,204.00M,5.954B,-3.111B,-445.00M,3.116B,292.00M,29.88B,50.09B,178.00M,10.54B,7.433B,20.21B,39.55B,12.77B,376.00M,3.752B,3.507B
OXY,2015-06,-316.00M,2.756B,2.596B,1.45B,0,0.23,0.23,0,77.38B,873.00M,2015-06,1.12B,176.00M,18.00M,18.00M,40.48B,3.153B,6.88B,409.00M,6.375B,446.00M,324.00M,3.469B,347.00M,33.30B,54.37B,178.00M,11.01B,7.825B,21.07B,43.36B,13.24B,464.00M,4.145B,3.973B
OXY,2015-03,-206.00M,2.153B,2.586B,700.00M,0,-0.28,-0.28,0,75.98B,503.00M,2015-03,1.133B,-218.00M,1.00M,1.00M,40.11B,2.947B,6.139B,77.00M,6.215B,-270.00M,-19.00M,3.089B,311.00M,34.16B,53.39B,178.00M,10.43B,6.915B,19.22B,42.96B,12.31B,426.00M,4.063B,3.068B
OXY,2014-12,-357.00M,3.789B,2.937B,1.599B,0,-4.34,-4.34,0,74.52B,1.37B,2014-12,1.052B,-3.413B,3.00M,3.00M,39.73B,3.015B,6.838B,789.00M,8.244B,-4.131B,-617.00M,4.307B,402.00M,34.96B,56.26B,178.00M,13.87B,8.244B,21.30B,42.39B,13.06B,581.00M,5.643B,4.206B
OXY,2014-09,-289.00M,2.897B,2.792B,600.00M,0,1.55,1.55,0,94.77B,2.112B,2014-09,1.359B,1.208B,15.00M,15.00M,58.46B,7.634B,6.837B,1.594B,7.922B,1.604B,699.00M,4.904B,355.00M,43.48B,71.51B,178.00M,10.51B,9.521B,27.42B,61.00B,17.90B,518.00M,5.585B,4.96B
OXY,2014-06,-291.00M,2.391B,2.715B,0,0,1.83,1.82,0,92.14B,2.418B,2014-06,1.323B,1.431B,27.00M,27.00M,57.13B,7.313B,6.835B,1.806B,8.869B,1.887B,809.00M,5.133B,429.00M,43.29B,70.29B,178.00M,10.79B,8.869B,26.48B,59.51B,17.61B,612.00M,6.537B,5.826B
OXY,2014-03,-296.00M,2.332B,2.62B,0,0,1.75,1.75,0,89.79B,2.348B,2014-03,1.308B,1.39B,8.00M,8.00M,56.04B,7.398B,6.877B,1.856B,8.095B,1.864B,794.00M,4.968B,317.00M,43.00B,69.28B,178.00M,10.90B,8.19B,25.91B,58.38B,17.72B,492.00M,5.749B,5.233B
OXY,2013-12,-303.00M,3.393B,1.169B,0,0,2.04,2.04,0,89.05B,718.00M,2013-12,1.20B,1.643B,-21.00M,-21.00M,55.82B,7.197B,6.939B,581.00M,8.434B,983.00M,432.00M,1.887B,197.00M,43.13B,69.44B,178.00M,11.32B,8.434B,26.07B,58.12B,17.64B,137.00M,5.878B,5.674B
OXY,2013-09,-448.00M,3.771B,3.214B,0,0,1.96,1.96,0,86.87B,3.235B,2013-09,1.328B,1.583B,-3.00M,-3.00M,55.03B,7.048B,6.961B,2.522B,8.242B,2.519B,1.037B,6.449B,459.00M,42.79B,69.44B,178.00M,11.94B,8.842B,26.47B,57.50B,17.63B,713.00M,5.754B,5.653B
OXY,2013-06,-456.00M,3.069B,3.18B,600.00M,0,1.64,1.64,0,84.48B,2.782B,2013-06,1.34B,1.322B,-2.00M,-2.00M,53.95B,6.658B,7.026B,2.013B,7.634B,2.142B,901.00M,5.962B,495.00M,41.75B,67.42B,178.00M,10.86B,8.234B,25.57B,56.56B,17.34B,769.00M,5.303B,5.221B
OXY,2013-03,-502.00M,2.14B,3.137B,600.00M,0,1.68,1.68,0,82.25B,2.735B,2013-03,1.306B,1.355B,1.00M,1.00M,52.98B,6.31B,7.024B,2.106B,7.186B,2.107B,844.00M,5.872B,393.00M,40.88B,65.82B,178.00M,10.15B,7.786B,24.88B,55.67B,17.10B,629.00M,4.983B,4.995B
OXY,2012-12,-502.00M,1.592B,929.00M,600.00M,0,0.42,0.42,0,80.10B,1.17B,2012-12,1.344B,336.00M,-45.00M,-45.00M,52.06B,6.039B,7.023B,1.033B,6.69B,-722.00M,-210.00M,2.099B,203.00M,40.02B,64.21B,178.00M,9.492B,7.29B,24.16B,54.72B,16.87B,137.00M,4.724B,4.916B
OXY,2012-09,-481.00M,4.91B,3.176B,500.00M,0,1.69,1.69,0,77.90B,2.789B,2012-09,1.297B,1.375B,-10.00M,-10.00M,50.96B,6.111B,7.622B,2.154B,7.834B,2.144B,855.00M,5.965B,394.00M,40.47B,65.62B,178.00M,11.91B,7.834B,25.15B,53.72B,17.32B,635.00M,5.552B,5.354B
OXY,2012-06,-490.00M,5.321B,3.06B,1.00B,0,1.64,1.64,0,75.20B,2.708B,2012-06,1.499B,1.328B,-4.00M,-4.00M,49.40B,5.644B,7.62B,2.11B,7.887B,2.106B,875.00M,5.768B,335.00M,39.55B,64.28B,177.00M,12.13B,7.887B,24.73B,52.15B,16.85B,598.00M,5.453B,4.959B
OXY,2012-03,-488.00M,4.634B,2.95B,0,0,1.92,1.92,0,71.65B,3.318B,2012-03,1.25B,1.559B,-15.00M,-15.00M,46.90B,5.203B,5.873B,2.612B,8.098B,2.597B,1.139B,6.268B,434.00M,38.75B,61.62B,177.00M,11.99B,8.098B,22.88B,49.64B,14.78B,706.00M,5.77B,5.712B
OXY,2011-12,-483.00M,3.781B,2.851B,0,0,2.01,2.01,0,69.37B,3.183B,2011-12,1.069B,1.634B,13.00M,13.00M,45.68B,4.846B,5.871B,2.518B,7.947B,2.509B,949.00M,6.034B,452.00M,37.62B,60.04B,177.00M,11.54B,7.947B,22.42B,48.50B,14.48B,665.00M,5.414B,5.395B
OXY,2011-09,-419.00M,4.888B,2.879B,0,0,2.17,2.17,0,66.02B,3.127B,2011-09,1.249B,1.771B,45.00M,45.00M,43.02B,4.494B,5.87B,2.694B,6.909B,2.739B,1.087B,6.006B,242.00M,36.48B,57.24B,177.00M,11.38B,7.004B,20.76B,45.87B,13.76B,433.00M,4.735B,4.829B
OXY,2011-06,-452.00M,2.807B,2.72B,0,0,2.23,2.23,0,63.90B,3.453B,2011-06,1.202B,1.817B,8.00M,8.00M,41.80B,4.002B,3.749B,2.841B,7.497B,2.849B,1.111B,6.173B,388.00M,35.16B,54.60B,177.00M,9.943B,8.093B,19.44B,44.65B,11.34B,612.00M,5.267B,5.542B
OXY,2011-03,-522.00M,3.098B,2.526B,0,0,1.9,1.9,0,61.89B,3.20B,2011-03,1.091B,1.549B,-184.00M,-184.00M,40.60B,3.724B,3.748B,2.524B,8.293B,2.362B,1.054B,5.726B,441.00M,33.66B,54.06B,177.00M,10.59B,9.391B,20.41B,43.47B,11.02B,676.00M,5.437B,6.009B
