Ticker,Date,Accrued Comprehensive Inc,Cash and Short Term Investments,Cost of Goods Sold,Current Debt & Capital Lease Obligation,Current Deferred Liabilities,EPS Basic,EPS Diluted,Goodwill and Intangibles,Gross PP&E,Gross Profit,Income (Quarterly),Inventories,Net Income,Net Non-Operating Interest Income Expense,Net Operating Interest Income,Net PP&E,Non-Current Deferred Liabilities,Non-Current Portion of LTD and Capital Lease Obligation,Operating Income,Payables and Accrued Expenses,Pre-Tax Income,Provision for Income Taxes,Revenue,SG&A Expense,Shareholders Equity,Total Assets,Total Capital Stock,Total Current Assets,Total Current Liabilities,Total Liabilities,Total Long Term Assets,Total Long Term Liabilities,Total Operating Expenses,Total Payables,Total Receivables
PAYX,2021-02,57.20M,990.70M,328.40M,7.00M,38.40M,0.97,0.97,2.108B,494.90M,783.30M,2021-02,0,350.50M,-8.50M,-8.50M,494.90M,233.30M,889.90M,468.60M,73.90M,462.60M,112.10M,1.112B,314.70M,2.976B,9.666B,3.60M,6.622B,5.356B,6.690B,3.044B,1.334B,314.70M,73.90M,1.106B
PAYX,2020-11,73.10M,868.40M,319.90M,6.90M,40.60M,0.76,0.75,2.096B,492.00M,663.80M,2020-11,0,272.40M,-8.50M,-8.50M,492.00M,240.40M,889.20M,354.30M,70.40M,349.60M,77.20M,983.70M,309.50M,2.890B,8.615B,3.60M,5.592B,4.38B,5.726B,3.023B,1.346B,309.50M,70.40M,991.80M
PAYX,2020-08,79.50M,866.30M,307.10M,6.10M,39.60M,0.59,0.59,2.111B,492.10M,625.10M,2020-08,0,211.60M,-8.40M,-8.40M,492.10M,243.50M,892.00M,284.00M,113.80M,276.10M,64.50M,932.20M,341.10M,2.779B,8.377B,3.60M,5.340B,4.263B,5.598B,3.037B,1.335B,341.10M,113.80M,855.90M
PAYX,2020-05,56.50M,932.40M,291.70M,5.10M,39.20M,0.62,0.61,2.122B,1.479B,623.40M,2020-05,0,220.70M,-7.70M,-7.70M,522.20M,240.80M,893.70M,299.60M,129.90M,291.60M,70.90M,915.10M,323.80M,2.781B,8.551B,3.60M,5.465B,4.427B,5.769B,3.086B,1.342B,323.80M,129.90M,790.30M
PAYX,2020-02,45.20M,853.80M,340.30M,51.20M,38.80M,0.99,0.98,2.138B,1.463B,802.40M,2020-02,0,354.50M,-6.20M,-6.20M,528.10M,232.70M,901.80M,470.10M,67.70M,464.20M,109.70M,1.143B,332.30M,2.760B,9.467B,3.60M,6.389B,5.390B,6.707B,3.078B,1.317B,332.30M,67.70M,847.00M
PAYX,2019-11,11.60M,635.00M,323.40M,51.30M,42.20M,0.72,0.72,2.146B,1.430B,667.30M,2019-11,0,258.70M,-6.80M,-6.80M,520.90M,226.80M,896.70M,341.70M,76.30M,337.00M,78.30M,990.70M,325.60M,2.569B,8.702B,3.60M,5.628B,4.824B,6.132B,3.074B,1.308B,325.60M,76.30M,905.60M
PAYX,2019-08,26.50M,627.30M,325.40M,56.50M,41.30M,0.74,0.73,2.163B,1.408B,666.60M,2019-08,0,264.20M,-5.80M,-5.80M,516.20M,227.60M,890.30M,349.10M,110.70M,344.30M,80.10M,992.00M,317.50M,2.519B,8.638B,3.60M,5.556B,4.824B,6.119B,3.082B,1.295B,317.50M,110.70M,861.40M
PAYX,2019-05,0.10M,712.60M,322.10M,0,40.30M,0.64,0.64,2.182B,1.275B,658.30M,2019-05,0,230.40M,-5.00M,-5.00M,408.70M,223.10M,809.40M,314.50M,75.90M,310.50M,80.10M,980.40M,343.80M,2.620B,8.676B,3.60M,5.678B,4.845B,6.056B,2.998B,1.212B,343.80M,75.90M,854.20M
PAYX,2019-02,-19.30M,732.00M,325.30M,53.60M,39.40M,0.9,0.9,2.202B,1.252B,745.10M,2019-02,0,324.60M,-3.60M,-3.60M,404.70M,229.20M,800.00M,429.30M,73.90M,425.60M,101.00M,1.070B,315.80M,2.598B,10.36B,3.60M,7.292B,6.550B,7.765B,3.071B,1.215B,315.80M,73.90M,844.70M
PAYX,2018-11,-47.40M,759.00M,264.90M,57.30M,42.50M,0.66,0.65,938.60M,1.221B,594.00M,2018-11,0,235.80M,2.00M,2.00M,394.00M,161.60M,0,307.20M,70.60M,309.30M,73.50M,858.90M,286.80M,2.424B,7.002B,3.60M,5.29B,4.307B,4.578B,1.712B,271.10M,286.80M,70.60M,591.20M
PAYX,2018-08,-35.80M,523.00M,265.50M,56.70M,36.60M,0.68,0.67,948.80M,1.198B,597.30M,2018-08,0,243.60M,2.30M,2.30M,389.10M,155.50M,0,320.30M,114.20M,322.60M,79.00M,862.80M,277.00M,2.387B,7.05B,3.60M,5.076B,4.397B,4.663B,1.974B,265.60M,277.00M,114.20M,564.30M
PAYX,2018-05,-36.20M,424.20M,265.40M,57.70M,34.60M,0.64,0.63,955.40M,1.183B,580.30M,2018-05,0,217.70M,2.50M,2.50M,393.50M,154.40M,0,302.10M,73.70M,304.60M,86.90M,845.70M,278.20M,2.357B,7.915B,3.60M,5.894B,5.297B,5.559B,2.022B,261.90M,278.20M,73.70M,524.60M
PAYX,2018-02,-26.70M,421.20M,272.20M,133.40M,23.70M,1.02,1.01,932.50M,1.171B,663.90M,2018-02,0,367.20M,2.00M,2.00M,397.20M,41.90M,0,369.00M,71.90M,371.30M,4.10M,936.10M,294.90M,2.046B,6.843B,3.60M,5.049B,4.624B,4.797B,1.794B,173.60M,294.90M,71.90M,582.00M
PAYX,2017-11,-9.20M,338.60M,248.60M,57.20M,27.00M,0.55,0.55,775.50M,1.122B,554.40M,2017-11,0,198.80M,1.40M,1.40M,377.10M,85.00M,0,303.10M,58.40M,304.80M,106.00M,803.00M,251.30M,1.969B,7.685B,3.60M,5.993B,5.502B,5.716B,1.692B,214.00M,251.30M,58.40M,630.40M
PAYX,2017-08,24.40M,368.20M,232.00M,55.40M,24.70M,0.59,0.58,777.20M,1.068B,560.90M,2017-08,0,210.40M,2.10M,2.10M,328.60M,95.40M,0,317.30M,78.70M,319.40M,109.00M,792.90M,243.60M,1.944B,7.620B,3.60M,5.974B,5.456B,5.676B,1.646B,220.00M,243.60M,78.70M,570.60M
PAYX,2017-05,20.00M,323.40M,231.20M,103.10M,22.90M,0.54,0.54,714.70M,1.051B,569.10M,2017-05,0,204.30M,2.10M,2.10M,337.20M,33.90M,0,313.20M,57.20M,314.80M,110.50M,800.30M,255.90M,1.955B,6.834B,3.60M,5.272B,4.725B,4.878B,1.562B,153.30M,255.90M,57.20M,543.40M
PAYX,2017-02,4.60M,403.90M,236.80M,51.30M,25.10M,0.56,0.56,719.10M,1.032B,559.00M,2017-02,0,202.50M,1.80M,1.80M,341.60M,17.70M,0,306.60M,55.90M,307.80M,105.30M,795.80M,252.40M,1.897B,7.310B,3.60M,5.752B,5.274B,5.414B,1.558B,139.90M,252.40M,55.90M,461.90M
PAYX,2016-11,-16.80M,293.00M,226.30M,0,28.50M,0.56,0.56,722.30M,1.025B,545.10M,2016-11,0,202.10M,1.80M,1.80M,349.30M,18.50M,0,311.10M,48.60M,312.00M,109.90M,771.40M,234.00M,1.816B,5.776B,3.60M,4.216B,3.784B,3.960B,1.560B,176.40M,234.00M,48.60M,564.70M
PAYX,2016-08,39.20M,497.70M,225.10M,0,26.80M,0.6,0.6,722.10M,1.018B,560.40M,2016-08,0,217.40M,1.70M,1.70M,348.40M,41.20M,0,323.00M,116.80M,324.50M,107.10M,785.50M,237.40M,1.988B,6.097B,3.60M,4.521B,3.913B,4.109B,1.576B,195.60M,237.40M,116.80M,517.30M
PAYX,2016-05,29.20M,352.10M,220.30M,0,26.30M,0.49,0.49,726.60M,1.012B,533.60M,2016-05,0,178.10M,1.90M,1.90M,353.00M,22.10M,0,276.30M,56.70M,276.10M,98.00M,753.90M,257.30M,1.912B,6.441B,3.60M,4.864B,4.366B,4.529B,1.577B,163.20M,257.30M,56.70M,444.70M
PAYX,2016-02,37.50M,327.20M,225.90M,0,15.80M,0.5,0.5,729.70M,996.20M,526.70M,2016-02,0,180.40M,1.90M,1.90M,350.00M,18.30M,0,280.00M,55.80M,281.70M,101.30M,752.60M,246.70M,1.874B,7.068B,3.60M,5.504B,5.039B,5.193B,1.564B,154.20M,246.70M,55.80M,385.00M
PAYX,2015-11,20.30M,476.40M,205.20M,0,1.10M,0.52,0.52,592.80M,985.10M,517.20M,2015-11,0,189.20M,1.80M,1.80M,352.70M,14.40M,0,294.20M,47.40M,295.80M,106.60M,722.40M,223.00M,1.858B,6.017B,3.60M,4.602B,4.010B,4.158B,1.414B,148.60M,223.00M,47.40M,277.80M
PAYX,2015-08,13.80M,537.70M,205.70M,0,11.20M,0.58,0.58,594.50M,980.20M,517.30M,2015-08,0,209.10M,1.70M,1.70M,350.10M,18.20M,0,296.10M,72.40M,297.50M,88.40M,723.00M,221.20M,1.791B,5.983B,3.60M,4.588B,4.046B,4.192B,1.395B,145.80M,221.20M,72.40M,238.70M
PAYX,2015-05,7.50M,536.60M,203.60M,0,0,0.44,0.44,593.90M,973.40M,488.60M,2015-05,0,161.20M,1.90M,1.90M,353.90M,1.80M,0,251.60M,51.70M,253.60M,92.40M,692.20M,237.00M,1.786B,6.468B,3.60M,5.088B,4.573B,4.682B,1.379B,109.00M,237.00M,51.70M,214.50M
PAYX,2015-02,21.80M,620.80M,211.00M,0,14.50M,0.47,0.46,599.40M,952.00M,493.30M,2015-02,0,169.40M,1.90M,1.90M,347.70M,17.60M,0,264.30M,50.90M,265.90M,96.50M,704.30M,229.00M,1.872B,7.344B,3.60M,5.957B,5.348B,5.472B,1.387B,124.20M,229.00M,50.90M,180.60M
PAYX,2014-11,22.40M,529.00M,199.10M,0,9.50M,0.48,0.47,602.60M,932.00M,477.20M,2014-11,0,173.00M,1.70M,1.70M,344.40M,58.90M,0,270.20M,39.80M,271.60M,98.60M,676.30M,207.00M,1.834B,6.274B,3.60M,4.860B,4.279B,4.440B,1.415B,160.90M,207.00M,39.80M,242.00M
PAYX,2014-08,26.00M,559.30M,194.30M,0,6.60M,0.47,0.47,606.00M,924.40M,472.50M,2014-08,0,171.30M,1.60M,1.60M,346.60M,60.00M,0,267.50M,100.30M,268.90M,97.60M,666.80M,205.00M,1.786B,6.287B,3.60M,4.872B,4.344B,4.501B,1.415B,157.00M,205.00M,100.30M,198.50M
PAYX,2014-05,21.50M,551.20M,198.00M,0,7.80M,0.4,0.4,580.90M,906.80M,441.00M,2014-05,0,145.90M,1.60M,1.60M,342.20M,55.70M,0,228.30M,48.80M,229.70M,83.80M,639.00M,212.70M,1.777B,6.370B,3.60M,5.002B,4.439B,4.593B,1.368B,154.20M,212.70M,48.80M,185.70M
PAYX,2014-02,24.60M,585.70M,191.00M,0,16.00M,0.44,0.44,580.50M,889.80M,459.40M,2014-02,0,160.10M,1.70M,1.70M,345.10M,61.70M,0,250.70M,42.80M,252.20M,92.10M,650.40M,208.70M,1.788B,7.069B,3.60M,5.719B,5.139B,5.281B,1.350B,142.30M,208.70M,42.80M,159.00M
PAYX,2013-11,13.70M,463.40M,173.60M,0,0,0.43,0.43,583.60M,878.20M,442.80M,2013-11,0,158.70M,1.30M,1.30M,351.40M,61.60M,0,248.60M,36.40M,249.90M,91.20M,616.40M,194.20M,1.760B,6.019B,3.60M,4.664B,4.119B,4.259B,1.356B,139.90M,194.20M,36.40M,213.60M
PAYX,2013-08,-4.90M,559.20M,169.90M,0,6.80M,0.45,0.44,576.00M,872.80M,443.20M,2013-08,0,162.80M,1.20M,1.20M,350.50M,58.30M,0,255.10M,66.00M,256.30M,93.50M,613.10M,188.10M,1.748B,6.031B,3.70M,4.698B,4.150B,4.283B,1.333B,132.40M,188.10M,66.00M,183.40M
PAYX,2013-05,22.00M,505.50M,173.00M,0,13.30M,0.34,0.34,579.10M,850.50M,412.30M,2013-05,0,123.50M,1.40M,1.40M,346.00M,53.30M,0,211.80M,42.70M,213.20M,89.70M,585.30M,200.50M,1.774B,6.164B,3.70M,4.833B,4.268B,4.39B,1.331B,121.80M,200.50M,42.70M,165.80M
PAYX,2013-02,32.70M,570.60M,171.20M,0,15.00M,0.4,0.4,583.80M,836.80M,422.10M,2013-02,0,144.50M,1.40M,1.40M,341.70M,47.00M,0,225.00M,57.50M,226.40M,81.90M,593.30M,197.10M,1.606B,7.508B,3.60M,6.320B,5.756B,5.902B,1.188B,145.10M,197.10M,57.50M,150.40M
PAYX,2012-11,39.70M,301.20M,163.60M,0,31.00M,0.41,0.41,564.40M,839.60M,405.80M,2012-11,0,147.90M,1.90M,1.90M,351.80M,46.50M,0,230.00M,43.60M,231.90M,84.00M,569.40M,175.80M,1.698B,5.724B,3.60M,4.269B,3.889B,4.026B,1.455B,137.40M,175.80M,43.60M,200.30M
PAYX,2012-08,37.30M,390.90M,163.50M,0,22.20M,0.42,0.42,568.70M,831.50M,414.70M,2012-08,0,153.10M,1.90M,1.90M,326.90M,45.30M,0,238.00M,101.70M,239.90M,86.80M,578.20M,176.70M,1.655B,5.711B,3.60M,4.300B,3.920B,4.056B,1.410B,135.80M,176.70M,101.70M,177.10M
PAYX,2012-05,37.70M,316.30M,169.10M,0,16.90M,0.34,0.34,573.20M,858.00M,382.40M,2012-05,0,123.30M,10.70M,10.70M,324.30M,40.60M,0,195.90M,69.70M,197.70M,74.40M,551.50M,186.50M,1.604B,6.480B,3.60M,5.076B,4.746B,4.875B,1.404B,129.40M,186.50M,69.70M,173.00M
PAYX,2012-02,43.10M,503.30M,174.20M,0,19.50M,0.37,0.37,579.30M,846.50M,395.30M,2012-02,0,135.40M,0,0,316.80M,40.20M,0,210.40M,208.50M,212.00M,76.60M,569.50M,184.90M,1.595B,6.095B,3.60M,4.872B,4.372B,4.500B,1.223B,127.10M,184.90M,46.00M,157.30M
PAYX,2011-11,33.90M,411.10M,162.70M,0,24.60M,0.39,0.39,579.30M,832.60M,372.30M,2011-11,0,140.40M,0,0,316.00M,37.10M,0,207.20M,202.10M,219.40M,79.00M,535.00M,165.10M,1.559B,4.932B,3.60M,3.74B,3.248B,3.373B,1.192B,125.10M,165.10M,54.90M,249.40M
PAYX,2011-08,44.20M,485.10M,164.10M,0,21.60M,0.41,0.41,584.90M,822.40M,399.00M,2011-08,0,148.90M,0,0,310.50M,31.70M,0,229.70M,242.40M,231.20M,82.30M,563.10M,169.30M,1.539B,4.992B,3.60M,3.833B,3.337B,3.452B,1.158B,115.10M,169.30M,38.50M,220.00M
PAYX,2011-05,37.50M,464.00M,165.70M,0,17.90M,0.33,0.33,590.90M,804.20M,392.80M,2011-05,0,118.90M,0,0,308.70M,23.10M,0,218.60M,45.40M,184.20M,65.30M,558.50M,174.20M,1.496B,5.394B,3.60M,4.258B,3.788B,3.898B,1.136B,109.30M,174.20M,45.40M,190.50M
