Ticker,Date,Accrued Comprehensive Inc,Cash and Short Term Investments,Cost of Goods Sold,Current Debt & Capital Lease Obligation,Current Deferred Liabilities,EPS Basic,EPS Diluted,Goodwill and Intangibles,Gross PP&E,Gross Profit,Income (Quarterly),Inventories,Net Income,Net Non-Operating Interest Income Expense,Net Operating Interest Income,Net PP&E,Non-Current Deferred Liabilities,Non-Current Portion of LTD and Capital Lease Obligation,Operating Income,Payables and Accrued Expenses,Pre-Tax Income,Provision for Income Taxes,Research and Development Expense,Revenue,SG&A Expense,Shareholders Equity,Total Assets,Total Capital Stock,Total Current Assets,Total Current Liabilities,Total Liabilities,Total Long Term Assets,Total Long Term Liabilities,Total Operating Expenses,Total Payables,Total Receivables
PCAR,2020-12,-1.050B,4.969B,4.655B,3.114B,0,1.17,1.17,0,12.30B,913.80M,2020-12,1.222B,405.80M,8.50M,8.50M,7.003B,1.312B,7.740B,507.60M,2.976B,521.80M,116.00M,71.70M,5.569B,165.50M,10.39B,28.26B,346.60M,19.58B,7.331B,17.87B,8.684B,10.54B,406.20M,1.980B,12.87B
PCAR,2020-09,-1.189B,4.539B,4.102B,2.616B,0,1.11,1.11,0,6.729B,833.80M,2020-09,1.124B,385.50M,13.00M,13.00M,6.725B,1.279B,7.776B,470.50M,3.994B,489.90M,104.40M,64.70M,4.936B,131.70M,10.18B,27.23B,347.00M,18.74B,6.610B,17.05B,8.492B,10.44B,363.30M,3.994B,12.54B
PCAR,2020-06,-1.290B,4.275B,2.555B,2.980B,0,0.43,0.43,0,6.602B,507.10M,2020-06,1.136B,147.70M,19.50M,19.50M,6.598B,1.281B,7.417B,155.50M,3.625B,184.00M,36.30M,66.50M,3.062B,120.20M,9.777B,26.41B,346.50M,18.14B,6.605B,16.63B,8.271B,10.02B,351.60M,3.625B,12.23B
PCAR,2020-03,-1.384B,4.420B,4.312B,3.912B,0,1.04,1.03,0,6.562B,849.20M,2020-03,1.270B,359.40M,13.10M,13.10M,6.559B,1.323B,7.226B,434.30M,3.803B,462.20M,102.80M,71.00M,5.162B,164.00M,9.637B,27.29B,346.40M,19.07B,7.716B,17.66B,8.223B,9.942B,414.90M,3.803B,12.85B
PCAR,2019-12,-1.100B,5.337B,5.029B,3.797B,0,1.53,1.53,0,11.59B,1.089B,2019-12,1.153B,531.30M,10.30M,10.30M,6.671B,1.378B,7.426B,657.40M,3.551B,687.80M,156.50M,83.60M,6.117B,183.20M,9.706B,28.36B,346.30M,20.13B,8.417B,18.66B,8.230B,10.24B,431.20M,2.541B,13.25B
PCAR,2019-09,-1.19B,4.777B,5.206B,4.14B,0,1.75,1.75,0,7.748B,1.161B,2019-09,1.293B,607.90M,11.60M,11.60M,6.385B,1.400B,6.716B,744.90M,4.177B,777.60M,169.70M,82.20M,6.367B,172.60M,9.963B,27.77B,347.40M,19.70B,8.317B,17.80B,8.063B,9.488B,416.10M,4.177B,13.25B
PCAR,2019-06,-1.062B,4.337B,5.440B,3.90B,0,1.79,1.78,0,7.807B,1.188B,2019-06,1.337B,619.70M,9.80M,9.80M,6.411B,1.491B,6.732B,782.80M,4.074B,814.40M,194.70M,82.50M,6.628B,173.30M,9.635B,27.17B,347.20M,19.24B,7.974B,17.53B,7.932B,9.559B,405.30M,4.074B,13.16B
PCAR,2019-03,-1.096B,3.924B,5.304B,3.425B,0,1.81,1.81,0,7.691B,1.183B,2019-03,1.273B,629.00M,10.30M,10.30M,6.269B,1.505B,6.772B,789.80M,4.078B,819.40M,190.40M,78.30M,6.488B,169.40M,9.106B,26.16B,347.00M,18.52B,7.502B,17.05B,7.632B,9.549B,393.30M,4.078B,12.93B
PCAR,2018-12,-1.098B,4.456B,5.762B,3.257B,0,1.66,1.65,0,11.01B,518.10M,2018-12,1.185B,578.10M,18.30M,18.30M,6.294B,1.547B,6.694B,714.20M,3.516B,752.40M,174.30M,80.50M,6.280B,166.20M,8.593B,25.48B,346.60M,17.99B,7.503B,16.89B,7.493B,9.387B,-196.10M,2.523B,11.98B
PCAR,2018-09,-895.00M,3.914B,4.737B,3.002B,0,1.55,1.55,0,6.151B,1.020B,2018-09,1.292B,545.30M,7.40M,7.40M,6.147B,1.528B,6.585B,645.00M,3.764B,668.80M,123.50M,72.90M,5.757B,153.50M,9.171B,25.10B,352.20M,17.61B,6.766B,15.93B,7.491B,9.166B,374.90M,3.764B,12.03B
PCAR,2018-06,-893.70M,3.540B,4.730B,3.131B,0,1.59,1.59,0,6.048B,1.076B,2018-06,1.258B,559.60M,16.40M,16.40M,6.044B,1.440B,6.077B,688.60M,3.613B,719.60M,160.00M,76.70M,5.805B,156.80M,8.779B,24.16B,352.20M,16.87B,6.744B,15.38B,7.286B,8.633B,387.10M,3.613B,11.58B
PCAR,2018-03,-718.30M,3.551B,4.763B,3.234B,0,1.45,1.45,0,6.140B,890.80M,2018-03,1.068B,512.10M,18.70M,18.70M,6.130B,1.417B,5.896B,640.70M,3.530B,669.40M,157.30M,76.00M,5.654B,168.20M,8.567B,23.78B,352.10M,16.43B,6.764B,15.21B,7.349B,8.450B,250.10M,3.530B,11.42B
PCAR,2017-12,-793.60M,3.732B,4.647B,2.724B,0,1.67,1.67,0,11.46B,807.60M,2017-12,928.40M,589.20M,10.70M,10.70M,6.758B,2.113B,6.156B,584.10M,2.803B,604.30M,15.10M,70.60M,5.455B,148.00M,8.050B,23.44B,351.80M,15.74B,6.182B,15.39B,7.702B,9.208B,223.50M,2.043B,10.67B
PCAR,2017-09,-816.20M,3.529B,4.280B,2.865B,0,1.14,1.14,0,6.666B,779.60M,2017-09,983.00M,402.70M,9.80M,9.80M,6.657B,2.297B,5.967B,563.00M,3.234B,581.80M,179.10M,67.00M,5.060B,144.90M,7.936B,23.10B,351.50M,15.45B,6.099B,15.17B,7.650B,9.069B,216.60M,3.234B,10.69B
PCAR,2017-06,-925.20M,3.124B,3.974B,2.889B,0,1.06,1.06,0,6.503B,730.00M,2017-06,885.30M,373.00M,11.90M,11.90M,6.494B,2.222B,5.655B,518.40M,3.016B,539.00M,166.00M,66.10M,4.704B,138.70M,7.500B,22.05B,351.30M,14.61B,5.905B,14.55B,7.442B,8.648B,211.60M,3.016B,10.33B
PCAR,2017-03,-1.058B,2.971B,3.605B,2.516B,0,0.88,0.88,0,6.152B,633.20M,2017-03,772.20M,310.30M,14.00M,14.00M,6.144B,2.070B,5.849B,426.10M,2.777B,448.20M,137.90M,61.00M,4.238B,140.20M,7.079B,21.04B,351.30M,13.93B,5.293B,13.96B,7.110B,8.667B,207.10M,2.777B,9.962B
PCAR,2016-12,-1.128B,3.057B,3.456B,2.242B,0,0.82,0.82,0,10.07B,614.20M,2016-12,727.80M,288.80M,11.10M,11.10M,6.040B,2.008B,6.233B,400.80M,2.083B,418.90M,130.10M,67.60M,4.071B,141.90M,6.778B,20.64B,350.70M,13.57B,4.882B,13.86B,7.072B,8.979B,213.40M,1.544B,9.557B
PCAR,2016-09,-926.70M,2.867B,3.566B,2.516B,0,0.99,0.98,0,6.070B,683.10M,2016-09,824.10M,346.20M,-1.60M,-1.60M,6.062B,2.052B,6.014B,488.00M,2.671B,494.90M,148.70M,59.20M,4.249B,130.80M,6.978B,20.97B,351.70M,13.87B,5.187B,13.99B,7.097B,8.804B,195.10M,2.671B,9.962B
PCAR,2016-06,-927.10M,3.491B,3.678B,2.426B,0,1.37,1.37,0,5.893B,734.80M,2016-06,824.90M,481.30M,-2.50M,-2.50M,5.885B,2.006B,6.018B,532.70M,2.714B,646.20M,164.90M,60.80M,4.413B,135.30M,6.710B,21.43B,351.60M,14.56B,5.976B,14.72B,6.872B,8.741B,202.10M,2.714B,9.993B
PCAR,2016-03,-889.20M,3.313B,3.595B,2.755B,0,-1.69,-1.69,0,5.852B,705.20M,2016-03,829.10M,-594.60M,-0.10M,-0.10M,5.842B,2.009B,5.823B,507.40M,2.713B,-429.60M,165.00M,59.60M,4.30B,134.80M,6.343B,21.36B,351.50M,14.62B,6.435B,15.01B,6.737B,8.579B,197.80M,2.713B,10.21B
PCAR,2015-12,-1.017B,3.464B,3.644B,2.620B,0,0.98,0.98,0,9.519B,710.90M,2015-12,796.50M,347.20M,-1.60M,-1.60M,5.673B,1.936B,5.971B,495.10M,2.294B,498.70M,151.50M,66.70M,4.355B,145.40M,6.940B,21.11B,351.30M,14.57B,5.542B,14.17B,6.544B,8.628B,215.80M,1.779B,10.06B
PCAR,2015-09,-958.20M,3.525B,4.033B,2.536B,0,1.21,1.21,0,5.630B,814.20M,2015-09,893.10M,431.20M,-4.90M,-4.90M,5.621B,1.919B,6.144B,623.20M,2.853B,624.50M,193.30M,57.60M,4.847B,131.00M,7.344B,21.52B,355.00M,15.07B,5.390B,14.18B,6.451B,8.786B,191.00M,2.853B,10.30B
PCAR,2015-06,-809.60M,3.360B,4.237B,2.656B,0,1.26,1.26,0,5.587B,843.20M,2015-06,888.20M,447.20M,-1.30M,-1.30M,5.578B,1.873B,5.914B,648.20M,3.043B,652.20M,205.00M,59.30M,5.080B,132.10M,7.219B,21.42B,354.90M,15.03B,5.699B,14.20B,6.384B,8.497B,195.00M,3.043B,10.42B
PCAR,2015-03,-917.30M,2.792B,4.080B,2.175B,0,1.07,1.06,0,5.397B,753.00M,2015-03,865.70M,378.40M,-4.50M,-4.50M,5.389B,1.804B,6.00B,561.10M,2.887B,561.70M,183.30M,56.20M,4.833B,133.00M,6.732B,20.33B,354.70M,14.16B,5.062B,13.60B,6.166B,8.534B,191.90M,2.887B,10.16B
PCAR,2014-12,-579.80M,3.010B,4.340B,2.506B,0,1.11,1.11,0,9.406B,779.40M,2014-12,925.70M,394.30M,-1.50M,-1.50M,5.646B,1.880B,5.725B,573.90M,2.409B,577.70M,183.40M,62.50M,5.119B,140.10M,6.753B,20.62B,355.20M,14.22B,5.542B,13.87B,6.395B,8.324B,205.50M,1.906B,9.998B
PCAR,2014-09,-198.60M,2.969B,4.186B,2.926B,0,1.05,1.04,0,5.743B,742.20M,2014-09,988.10M,371.40M,-3.50M,-3.50M,5.735B,1.894B,5.292B,550.20M,2.978B,552.40M,181.00M,50.50M,4.928B,136.70M,7.163B,21.03B,354.80M,14.34B,5.904B,13.86B,6.69B,7.960B,192.00M,2.978B,10.07B
PCAR,2014-06,63.50M,2.715B,3.902B,2.710B,0,0.9,0.9,0,5.960B,668.10M,2014-06,969.10M,319.20M,0.90M,0.90M,5.953B,1.974B,5.609B,474.60M,2.686B,481.00M,161.80M,49.90M,4.570B,139.60M,7.159B,20.91B,354.70M,13.99B,5.396B,13.75B,6.921B,8.352B,193.50M,2.686B,10.00B
PCAR,2014-03,14.00M,2.540B,3.776B,2.872B,0,0.77,0.77,0,5.870B,603.50M,2014-03,958.00M,273.90M,-1.40M,-1.40M,5.862B,1.976B,5.368B,402.10M,2.76B,406.50M,132.60M,52.70M,4.380B,145.00M,6.864B,20.60B,354.70M,13.76B,5.632B,13.73B,6.841B,8.102B,201.40M,2.76B,9.946B
PCAR,2013-12,8.70M,3.018B,3.914B,2.417B,0,0.94,0.94,0,9.622B,685.00M,2013-12,813.60M,334.20M,-0.90M,-0.90M,5.955B,2.067B,6.007B,479.00M,2.314B,484.90M,150.70M,60.90M,4.599B,147.60M,6.634B,20.73B,354.30M,13.86B,5.282B,14.09B,6.868B,8.809B,206.00M,1.716B,9.718B
PCAR,2013-09,-191.10M,2.912B,3.669B,2.793B,0,0.87,0.87,0,5.788B,630.90M,2013-09,893.10M,309.40M,-3.30M,-3.30M,5.779B,2.007B,5.494B,436.00M,2.865B,440.00M,130.60M,56.60M,4.300B,134.70M,6.481B,20.31B,354.10M,13.85B,5.658B,13.83B,6.458B,8.173B,194.90M,2.865B,9.678B
PCAR,2013-06,-309.90M,2.624B,3.673B,2.973B,0,0.82,0.82,0,5.503B,627.60M,2013-06,832.00M,291.60M,0.40M,0.40M,5.497B,1.844B,4.938B,424.50M,2.708B,432.90M,141.30M,61.80M,4.300B,136.00M,6.112B,19.20B,353.80M,13.03B,5.682B,13.09B,6.174B,7.409B,203.10M,2.708B,9.223B
PCAR,2013-03,-239.00M,2.439B,3.372B,3.219B,0,0.67,0.67,0,5.321B,552.00M,2013-03,818.20M,236.10M,-1.50M,-1.50M,5.314B,1.807B,4.640B,332.20M,2.590B,337.20M,101.10M,72.10M,3.924B,141.20M,5.948B,18.83B,353.70M,12.84B,5.809B,12.89B,5.996B,7.077B,219.80M,2.590B,9.236B
PCAR,2012-12,-159.50M,2.465B,3.437B,3.325B,0,0.72,0.72,0,8.612B,559.70M,2012-12,782.40M,253.50M,0.10M,0.10M,5.308B,1.844B,4.555B,349.90M,1.861B,358.20M,104.70M,66.40M,3.997B,138.60M,5.847B,18.63B,353.40M,12.67B,5.708B,12.78B,5.955B,7.073B,209.80M,1.148B,9.094B
PCAR,2012-09,-160.60M,2.706B,3.276B,3.371B,0,0.66,0.66,0,7.514B,543.90M,2012-09,915.60M,233.60M,-0.30M,-0.30M,4.922B,1.766B,4.293B,337.90M,2.869B,345.40M,111.80M,66.80M,3.820B,136.50M,5.862B,18.69B,357.20M,13.09B,6.241B,12.83B,5.601B,6.590B,206.00M,2.869B,9.137B
PCAR,2012-06,-235.90M,2.648B,3.792B,3.382B,0,0.83,0.83,0,0,665.10M,2012-06,883.20M,297.20M,-1.60M,-1.60M,4.696B,1.690B,4.019B,439.70M,2.943B,446.30M,149.10M,73.80M,4.457B,146.60M,5.712B,18.24B,357.10M,12.93B,6.324B,12.53B,5.318B,6.208B,225.40M,2.943B,9.039B
PCAR,2012-03,-123.90M,2.871B,4.078B,3.965B,0,0.92,0.91,0,0,697.70M,2012-03,818.80M,327.30M,2.10M,2.10M,4.531B,1.637B,3.119B,468.00M,3.225B,479.00M,151.70M,72.30M,4.776B,149.90M,5.719B,18.16B,357.10M,12.97B,7.190B,12.44B,5.187B,5.249B,229.70M,3.225B,8.930B
PCAR,2011-12,-219.00M,3.017B,4.652B,3.674B,0,0.91,0.91,0,0,515.30M,2011-12,710.40M,327.70M,-179.80M,-179.80M,4.465B,1.655B,2.982B,643.20M,2.365B,472.70M,145.00M,72.30M,5.167B,143.50M,5.364B,17.17B,356.80M,12.11B,6.665B,11.81B,5.061B,5.144B,-127.90M,1.713B,8.135B
PCAR,2011-09,-31.00M,2.795B,3.484B,3.364B,0,0.78,0.77,0,0,666.60M,2011-09,725.10M,281.60M,57.90M,57.90M,4.276B,1.451B,2.764B,325.80M,2.857B,394.70M,113.10M,70.00M,4.151B,137.10M,5.594B,16.35B,365.50M,11.45B,6.221B,10.76B,4.907B,4.540B,340.80M,2.361B,7.668B
PCAR,2011-06,239.40M,2.926B,3.231B,3.500B,0,0.66,0.65,0,0,624.20M,2011-06,742.70M,239.70M,60.20M,60.20M,4.240B,1.42B,2.384B,283.10M,2.745B,353.20M,113.50M,77.50M,3.855B,133.20M,5.914B,16.30B,365.50M,11.43B,6.244B,10.39B,4.868B,4.143B,341.10M,0,7.498B
PCAR,2011-03,173.50M,2.691B,2.632B,2.615B,0,0.53,0.53,0,0,549.80M,2011-03,590.30M,193.30M,51.00M,51.00M,3.896B,1.332B,2.797B,227.30M,2.361B,286.30M,93.00M,68.40M,3.182B,133.10M,5.649B,15.13B,365.40M,10.60B,4.976B,9.485B,4.536B,4.509B,322.50M,0,7.108B
