Ticker,Date,Accrued Comprehensive Inc,Cash and Short Term Investments,Cost of Goods Sold,Current Debt & Capital Lease Obligation,Current Deferred Liabilities,EPS Basic,EPS Diluted,Goodwill and Intangibles,Gross PP&E,Gross Profit,Income (Quarterly),Inventories,Net Income,Net Non-Operating Interest Income Expense,Net Operating Interest Income,Net PP&E,Non-Current Deferred Liabilities,Non-Current Portion of LTD and Capital Lease Obligation,Operating Income,Payables and Accrued Expenses,Pre-Tax Income,Provision for Income Taxes,Revenue,Shareholders Equity,Total Assets,Total Capital Stock,Total Current Assets,Total Current Liabilities,Total Liabilities,Total Long Term Assets,Total Long Term Liabilities,Total Operating Expenses,Total Payables,Total Receivables
PEG,2020-12,-504.00M,543.00M,1.641B,2.747B,0,0.85,0.85,158.00M,48.83B,761.00M,2020-12,878.00M,431.00M,-132.00M,-132.00M,37.85B,6.502B,14.75B,432.00M,1.582B,553.00M,122.00M,2.402B,15.98B,50.05B,5.031B,3.63B,5.522B,34.07B,46.42B,28.54B,329.00M,1.456B,1.702B
PEG,2020-09,-452.00M,966.00M,1.542B,2.393B,0,1.15,1.14,228.00M,48.22B,828.00M,2020-09,917.00M,575.00M,-149.00M,-149.00M,37.32B,6.334B,15.05B,511.00M,1.741B,696.00M,121.00M,2.37B,15.84B,49.58B,5.016B,4.023B,5.26B,33.74B,45.55B,28.48B,317.00M,1.57B,1.576B
PEG,2020-06,-455.00M,431.00M,1.328B,3.258B,0,0.89,0.89,185.00M,47.43B,722.00M,2020-06,816.00M,451.00M,-113.00M,-113.00M,36.82B,6.481B,13.84B,407.00M,1.384B,560.00M,109.00M,2.05B,15.49B,48.78B,5.003B,3.742B,5.783B,33.29B,45.04B,27.51B,315.00M,1.262B,1.585B
PEG,2020-03,-481.00M,799.00M,1.66B,2.727B,0,0.89,0.88,165.00M,46.85B,1.121B,2020-03,776.00M,448.00M,-153.00M,-153.00M,36.48B,6.321B,14.31B,797.00M,1.461B,492.00M,44.00M,2.781B,15.25B,48.36B,4.994B,3.727B,5.16B,33.12B,44.64B,27.96B,324.00M,1.285B,1.452B
PEG,2019-12,-489.00M,147.00M,1.651B,2.48B,0,0.86,0.86,149.00M,46.23B,827.00M,2019-12,897.00M,437.00M,-136.00M,-136.00M,36.13B,6.256B,14.02B,507.00M,1.515B,535.00M,98.00M,2.478B,15.09B,47.73B,5.003B,3.231B,5.047B,32.64B,44.50B,27.59B,320.00M,1.399B,1.573B
PEG,2019-09,-438.00M,120.00M,1.498B,1.402B,0,0.8,0.79,204.00M,45.78B,804.00M,2019-09,925.00M,403.00M,-147.00M,-147.00M,35.69B,6.143B,14.72B,497.00M,1.455B,433.00M,30.00M,2.302B,14.92B,46.82B,4.989B,3.059B,4.067B,31.89B,43.76B,27.82B,307.00M,1.281B,1.345B
PEG,2019-06,-432.00M,82.00M,1.454B,1.421B,0,0.3,0.3,178.00M,45.00B,862.00M,2019-06,809.00M,153.00M,-103.00M,-103.00M,35.16B,6.03B,14.57B,555.00M,1.307B,133.00M,-20.00M,2.316B,14.75B,46.28B,4.98B,3.156B,3.982B,31.53B,43.12B,27.54B,307.00M,1.192B,1.311B
PEG,2019-03,-441.00M,65.00M,1.88B,2.051B,0,1.39,1.38,172.00M,45.11B,1.10B,2019-03,718.00M,700.00M,-133.00M,-133.00M,35.04B,5.929B,13.47B,786.00M,1.366B,849.00M,149.00M,2.98B,14.81B,45.76B,4.969B,3.027B,4.473B,30.94B,42.73B,26.47B,314.00M,1.208B,1.791B
PEG,2018-12,-377.00M,177.00M,1.717B,2.31B,0,0.39,0.39,159.00M,44.20B,751.00M,2018-12,902.00M,199.00M,-117.00M,-117.00M,34.36B,5.713B,13.17B,447.00M,1.587B,200.00M,1.00M,2.468B,14.38B,45.33B,4.98B,3.507B,4.935B,30.95B,41.82B,26.01B,304.00M,1.477B,1.917B
PEG,2018-09,-407.00M,88.00M,1.546B,1.869B,0,0.82,0.81,123.00M,43.61B,848.00M,2018-09,919.00M,412.00M,-127.00M,-127.00M,33.78B,5.72B,12.91B,554.00M,1.512B,529.00M,117.00M,2.394B,14.36B,45.07B,4.966B,3.215B,4.485B,30.71B,41.86B,26.23B,294.00M,1.353B,1.62B
PEG,2018-06,-410.00M,95.00M,1.325B,1.82B,0,0.53,0.53,143.00M,42.81B,691.00M,2018-06,792.00M,269.00M,-91.00M,-91.00M,33.15B,5.475B,12.51B,411.00M,1.557B,366.00M,97.00M,2.016B,14.16B,43.71B,4.955B,3.005B,4.244B,29.55B,40.70B,25.30B,280.00M,1.452B,1.463B
PEG,2018-03,-411.00M,118.00M,1.706B,1.594B,0,1.11,1.1,147.00M,42.03B,1.112B,2018-03,736.00M,558.00M,-99.00M,-99.00M,32.40B,5.329B,12.07B,832.00M,1.615B,760.00M,202.00M,2.818B,14.10B,42.79B,4.946B,2.806B,3.948B,28.69B,39.98B,24.74B,280.00M,1.468B,1.637B
PEG,2017-12,-229.00M,313.00M,1.479B,1.542B,0,1.88,1.88,130.00M,41.23B,628.00M,2017-12,866.00M,956.00M,-97.00M,-97.00M,31.80B,5.24B,12.07B,363.00M,1.845B,310.00M,-646.00M,2.107B,13.85B,42.72B,4.961B,3.312B,4.168B,28.87B,39.40B,24.70B,265.00M,1.742B,1.771B
PEG,2017-09,-204.00M,278.00M,1.309B,1.452B,0,0.78,0.78,104.00M,39.92B,945.00M,2017-09,936.00M,395.00M,-94.00M,-94.00M,30.53B,8.931B,11.27B,693.00M,1.587B,647.00M,252.00M,2.254B,13.12B,41.16B,4.938B,3.081B,3.831B,28.03B,38.08B,24.20B,252.00M,1.451B,1.325B
PEG,2017-06,-226.00M,430.00M,1.306B,900.00M,0,0.22,0.22,136.00M,38.79B,836.00M,2017-06,847.00M,109.00M,-86.00M,-86.00M,29.64B,8.755B,11.62B,195.00M,1.438B,168.00M,59.00M,2.142B,12.92B,40.52B,4.929B,3.188B,3.164B,27.61B,37.34B,24.44B,641.00M,1.339B,1.24B
PEG,2017-03,-242.00M,193.00M,1.585B,815.00M,0,0.23,0.22,122.00M,40.20B,1.006B,2017-03,739.00M,114.00M,-93.00M,-93.00M,29.34B,8.567B,10.90B,178.00M,1.548B,143.00M,29.00M,2.591B,13.00B,39.66B,4.92B,2.716B,3.111B,26.66B,36.95B,23.55B,828.00M,1.417B,1.43B
PEG,2016-12,-263.00M,423.00M,1.351B,888.00M,0,-0.1941,-0.1941,114.00M,39.34B,644.00M,2016-12,887.00M,-98.00M,-92.00M,-92.00M,29.29B,8.658B,10.90B,-153.00M,1.587B,-249.00M,-151.00M,1.995B,13.13B,40.07B,4.936B,3.254B,3.276B,26.94B,36.82B,23.66B,797.00M,1.49B,1.499B
PEG,2016-09,-218.00M,450.00M,1.642B,255.00M,0,0.65,0.64,170.00M,38.22B,808.00M,2016-09,957.00M,327.00M,-93.00M,-93.00M,28.80B,8.661B,10.70B,577.00M,1.704B,515.00M,188.00M,2.45B,13.48B,39.49B,4.928B,3.209B,2.804B,26.01B,36.28B,23.21B,231.00M,1.577B,1.234B
PEG,2016-06,-252.00M,648.00M,1.334B,662.00M,0,0.37,0.37,147.00M,37.28B,571.00M,2016-06,905.00M,187.00M,-92.00M,-92.00M,28.01B,8.545B,10.27B,347.00M,1.518B,278.00M,91.00M,1.905B,13.32B,39.04B,4.919B,3.489B,3.12B,25.73B,35.56B,22.61B,224.00M,1.415B,1.194B
PEG,2016-03,-269.00M,592.00M,1.565B,574.00M,0,0.93,0.93,128.00M,36.39B,1.051B,2016-03,839.00M,471.00M,-86.00M,-86.00M,27.27B,8.377B,9.676B,827.00M,1.47B,754.00M,283.00M,2.616B,13.32B,38.13B,4.908B,3.263B,2.942B,24.81B,34.86B,21.86B,224.00M,1.347B,1.289B
PEG,2015-12,-295.00M,394.00M,1.492B,1.098B,0,0.6119,0.6,118.00M,35.49B,786.00M,2015-12,976.00M,309.00M,-97.00M,-97.00M,26.54B,8.166B,8.834B,532.00M,1.507B,441.00M,132.00M,2.278B,13.07B,37.54B,4.915B,3.494B,3.575B,24.47B,34.04B,20.89B,254.00M,1.411B,1.57B
PEG,2015-09,-299.00M,271.00M,1.561B,1.126B,14.00M,0.87,0.87,138.00M,34.62B,1.127B,2015-09,923.00M,439.00M,-90.00M,-90.00M,25.60B,7.672B,8.132B,814.00M,1.373B,724.00M,285.00M,2.688B,12.93B,36.42B,4.894B,3.204B,3.604B,23.49B,33.22B,19.89B,313.00M,1.25B,1.407B
PEG,2015-06,-277.00M,597.00M,1.429B,625.00M,87.00M,0.68,0.68,117.00M,33.60B,885.00M,2015-06,824.00M,345.00M,-91.00M,-91.00M,24.81B,7.578B,8.689B,568.00M,1.40B,531.00M,186.00M,2.314B,12.71B,36.21B,4.883B,3.627B,3.107B,23.50B,32.58B,20.40B,317.00M,1.304B,1.396B
PEG,2015-03,-270.00M,1.008B,1.757B,994.00M,173.00M,1.16,1.15,103.00M,32.80B,1.378B,2015-03,749.00M,586.00M,-92.00M,-92.00M,23.98B,7.436B,8.09B,1.048B,1.468B,984.00M,398.00M,3.135B,12.56B,35.83B,4.873B,4.159B,3.622B,23.27B,31.67B,19.65B,330.00M,1.349B,1.72B
PEG,2014-12,-283.00M,402.00M,1.658B,883.00M,0,0.9407,0.94,100.00M,32.20B,1.115B,2014-12,1.022B,476.00M,-92.00M,-92.00M,23.59B,7.303B,8.215B,807.00M,1.294B,781.00M,305.00M,2.773B,12.18B,35.29B,4.876B,4.119B,3.478B,23.10B,31.17B,19.62B,308.00M,1.199B,1.749B
PEG,2014-09,-99.00M,703.00M,1.577B,574.00M,48.00M,0.88,0.87,118.00M,31.33B,1.064B,2014-09,1.025B,444.00M,-94.00M,-94.00M,22.84B,7.298B,8.389B,746.00M,1.396B,705.00M,261.00M,2.641B,12.08B,34.15B,4.873B,3.846B,3.136B,22.06B,30.30B,18.93B,318.00M,1.279B,1.509B
PEG,2014-06,-73.00M,570.00M,1.589B,1.095B,0,0.42,0.42,106.00M,30.71B,660.00M,2014-06,902.00M,212.00M,-88.00M,-88.00M,22.31B,7.197B,7.932B,365.00M,1.292B,324.00M,112.00M,2.249B,11.84B,33.70B,4.865B,3.794B,3.463B,21.86B,29.91B,18.39B,295.00M,1.197B,1.633B
PEG,2014-03,-87.00M,655.00M,2.212B,786.00M,0,0.76,0.76,64.00M,30.15B,1.011B,2014-03,746.00M,386.00M,-91.00M,-91.00M,21.93B,7.148B,7.802B,705.00M,1.539B,646.00M,260.00M,3.223B,11.80B,33.33B,4.856B,3.853B,3.357B,21.53B,29.47B,18.17B,306.00M,1.427B,2.082B
PEG,2013-12,-95.00M,493.00M,1.643B,841.00M,0,0.3954,0.39,49.00M,29.71B,675.00M,2013-12,1.024B,200.00M,-94.00M,-94.00M,21.64B,7.107B,7.862B,365.00M,1.354B,304.00M,104.00M,2.318B,11.61B,32.52B,4.861B,3.614B,3.063B,20.91B,28.91B,17.85B,310.00M,1.259B,1.612B
PEG,2013-09,-338.00M,448.00M,1.514B,1.01B,0,0.77,0.77,68.00M,29.21B,1.04B,2013-09,1.049B,390.00M,-93.00M,-93.00M,21.08B,6.807B,7.476B,712.00M,1.221B,660.00M,270.00M,2.554B,11.34B,32.61B,4.852B,3.741B,3.235B,21.27B,28.87B,18.04B,328.00M,1.107B,1.505B
PEG,2013-06,-362.00M,164.00M,1.401B,965.00M,46.00M,0.66,0.66,57.00M,28.52B,909.00M,2013-06,916.00M,333.00M,-96.00M,-96.00M,20.56B,6.686B,7.442B,612.00M,1.174B,551.00M,218.00M,2.31B,11.10B,32.06B,4.842B,3.615B,3.058B,20.96B,28.44B,17.90B,297.00M,1.077B,1.616B
PEG,2013-03,-355.00M,420.00M,1.865B,1.27B,10.00M,0.63,0.63,53.00M,27.93B,921.00M,2013-03,754.00M,320.00M,-96.00M,-96.00M,20.12B,6.604B,7.009B,610.00M,1.284B,540.00M,220.00M,2.786B,10.95B,31.71B,4.833B,3.656B,3.406B,20.76B,28.06B,17.36B,311.00M,1.17B,1.948B
PEG,2012-12,-388.00M,379.00M,1.656B,1.515B,72.00M,0.44,0.44,50.00M,27.40B,750.00M,2012-12,1.005B,224.00M,-108.00M,-108.00M,19.74B,6.542B,6.687B,468.00M,1.412B,361.00M,137.00M,2.406B,10.78B,31.72B,4.833B,3.869B,3.777B,20.94B,27.86B,17.17B,282.00M,1.321B,1.61B
PEG,2012-09,-322.00M,780.00M,1.498B,975.00M,0,0.69,0.68,73.00M,26.73B,904.00M,2012-09,1.073B,347.00M,-101.00M,-101.00M,19.10B,6.058B,7.334B,594.00M,1.347B,588.00M,241.00M,2.402B,10.81B,30.71B,4.836B,3.978B,3.039B,19.90B,26.73B,16.86B,310.00M,1.228B,1.259B
PEG,2012-06,-310.00M,765.00M,1.39B,988.00M,0,0.42,0.42,68.00M,26.04B,708.00M,2012-06,965.00M,211.00M,-99.00M,-99.00M,18.59B,5.939B,7.336B,433.00M,1.084B,357.00M,146.00M,2.098B,10.64B,30.14B,4.829B,3.94B,2.816B,19.50B,26.20B,16.68B,275.00M,986.00M,1.167B
PEG,2012-03,-293.00M,931.00M,1.807B,748.00M,258.00M,0.97,0.97,152.00M,25.60B,1.068B,2012-03,866.00M,493.00M,-97.00M,-97.00M,18.23B,5.693B,7.259B,783.00M,1.204B,705.00M,212.00M,2.875B,10.62B,30.00B,4.823B,3.961B,3.108B,19.38B,26.04B,16.27B,285.00M,1.089B,1.238B
PEG,2011-12,-337.00M,834.00M,3.488B,633.00M,170.00M,0.71,0.71,147.00M,25.08B,-852.00M,2011-12,1.052B,360.00M,-257.00M,-257.00M,17.85B,5.458B,7.461B,709.00M,1.311B,580.00M,220.00M,2.636B,10.27B,29.82B,4.823B,3.911B,2.957B,19.55B,25.91B,16.59B,-1.561B,1.214B,1.272B
PEG,2011-09,-256.00M,1.242B,1.167B,1.489B,0,0.58,0.58,180.00M,24.62B,1.453B,2011-09,1.105B,294.00M,-81.00M,-81.00M,17.28B,5.652B,7.48B,556.00M,1.305B,466.00M,201.00M,2.62B,10.16B,29.91B,4.818B,4.97B,3.692B,19.75B,24.94B,16.06B,897.00M,1.174B,1.792B
PEG,2011-06,-179.00M,159.00M,1.01B,1.485B,0,0.63,0.63,158.00M,24.06B,1.459B,2011-06,924.00M,323.00M,-67.00M,-67.00M,16.89B,5.121B,7.063B,621.00M,1.141B,547.00M,227.00M,2.469B,10.11B,28.79B,4.812B,3.786B,3.53B,18.68B,25.00B,15.15B,838.00M,1.043B,1.486B
PEG,2011-03,-187.00M,900.00M,1.563B,1.211B,0,1.04,1.04,151.00M,23.70B,1.791B,2011-03,741.00M,526.00M,-56.00M,-56.00M,16.65B,5.00B,7.697B,856.00M,1.322B,791.00M,329.00M,3.354B,9.957B,29.37B,0,4.466B,3.483B,19.41B,24.90B,15.93B,935.00M,1.169B,1.963B
