Ticker,Date,Accrued Comprehensive Inc,Cash and Short Term Investments,Cost of Goods Sold,Current Debt & Capital Lease Obligation,EPS Basic,EPS Diluted,Goodwill and Intangibles,Gross PP&E,Gross Profit,Income (Quarterly),Inventories,Net Income,Net Non-Operating Interest Income Expense,Net Operating Interest Income,Net PP&E,Non-Current Deferred Liabilities,Non-Current Portion of LTD and Capital Lease Obligation,Operating Income,Payables and Accrued Expenses,Pre-Tax Income,Provision for Income Taxes,Revenue,SG&A Expense,Shareholders Equity,Total Assets,Total Capital Stock,Total Current Assets,Total Current Liabilities,Total Liabilities,Total Long Term Assets,Total Long Term Liabilities,Total Operating Expenses,Total Payables,Total Receivables
PEP,2021-03,-15.25B,6.625B,6.671B,4.674B,1.24,1.24,38.11B,46.54B,8.149B,2021-03,4.556B,1.714B,-258.00M,-258.00M,21.25B,4.491B,38.99B,2.312B,18.02B,2.174B,451.00M,14.82B,5.837B,13.95B,91.22B,23.00M,21.20B,22.69B,77.17B,70.03B,54.48B,5.837B,18.02B,8.885B
PEP,2020-12,-15.48B,9.551B,10.43B,4.24B,1.337,1.33,38.07B,48.01B,12.03B,2020-12,4.172B,1.845B,-339.00M,-339.00M,23.04B,4.284B,40.37B,2.826B,13.22B,2.357B,498.00M,22.46B,9.203B,13.45B,92.92B,23.00M,23.00B,23.37B,79.37B,69.92B,55.99B,9.203B,10.28B,8.404B
PEP,2020-09,-15.36B,9.705B,8.156B,6.692B,1.66,1.65,37.79B,44.12B,9.935B,2020-09,4.135B,2.291B,-264.00M,-264.00M,19.73B,4.217B,37.88B,3.011B,19.32B,2.833B,526.00M,18.09B,6.924B,13.48B,92.04B,23.00M,24.06B,26.01B,78.45B,67.98B,52.44B,6.924B,19.32B,9.295B
PEP,2020-06,-15.78B,9.123B,7.088B,6.607B,1.19,1.18,36.84B,43.02B,8.857B,2020-06,4.314B,1.646B,-235.00M,-235.00M,19.19B,4.203B,38.37B,2.319B,17.22B,2.168B,510.00M,15.94B,6.538B,12.49B,89.52B,23.00M,23.19B,23.83B,76.94B,66.34B,53.11B,6.538B,17.22B,8.78B
PEP,2020-03,-15.06B,11.25B,6.127B,5.882B,0.96,0.96,31.44B,42.70B,7.754B,2020-03,3.60B,1.338B,-290.00M,-290.00M,18.98B,4.06B,35.36B,1.924B,16.20B,1.711B,360.00M,13.88B,5.83B,13.46B,85.06B,23.00M,24.27B,22.08B,71.50B,60.79B,49.42B,5.83B,16.20B,8.477B
PEP,2019-12,-14.30B,5.738B,9.346B,3.362B,1.27,1.26,31.54B,44.55B,11.29B,2019-12,3.338B,1.766B,-284.00M,-284.00M,20.85B,4.091B,29.15B,2.699B,12.13B,2.208B,430.00M,20.64B,8.595B,14.79B,78.55B,23.00M,17.64B,20.46B,63.68B,60.90B,43.22B,8.595B,9.364B,7.822B
PEP,2019-09,-15.13B,5.781B,7.694B,2.924B,1.5,1.49,31.15B,40.64B,9.494B,2019-09,3.667B,2.10B,-224.00M,-224.00M,17.59B,3.643B,29.63B,2.855B,17.21B,2.669B,559.00M,17.19B,6.639B,14.13B,77.44B,23.00M,19.20B,20.13B,63.22B,58.25B,43.09B,6.639B,17.21B,8.735B
PEP,2019-06,-14.98B,3.584B,7.404B,3.473B,1.45,1.44,31.21B,40.26B,9.045B,2019-06,3.988B,2.035B,-223.00M,-223.00M,17.44B,3.658B,27.71B,2.729B,16.46B,2.567B,524.00M,16.45B,6.316B,13.95B,75.08B,23.00M,17.21B,19.93B,61.05B,57.87B,41.12B,6.316B,16.46B,8.502B
PEP,2019-03,-14.66B,5.361B,5.688B,3.291B,1.01,1,30.92B,40.24B,7.196B,2019-03,3.554B,1.413B,-204.00M,-204.00M,17.55B,3.619B,28.46B,2.008B,15.80B,1.868B,446.00M,12.88B,5.188B,14.20B,75.47B,23.00M,17.92B,19.09B,61.17B,57.55B,42.08B,5.188B,15.80B,7.604B
PEP,2018-12,-15.12B,8.993B,8.936B,4.026B,4.864,4.83,30.63B,40.16B,10.59B,2018-12,3.128B,6.854B,-563.00M,-563.00M,17.59B,3.499B,28.30B,2.431B,13.08B,1.935B,-4.932B,19.52B,8.157B,14.52B,77.65B,23.00M,21.89B,22.14B,63.05B,55.76B,40.91B,8.157B,10.54B,7.142B
PEP,2018-09,-14.25B,13.90B,7.527B,4.474B,1.77,1.75,27.80B,38.88B,8.958B,2018-09,3.142B,2.498B,-221.00M,-221.00M,16.54B,3.358B,30.64B,2.844B,15.23B,2.697B,188.00M,16.48B,6.114B,10.29B,73.63B,24.00M,25.84B,19.70B,63.24B,47.79B,43.54B,6.114B,15.23B,7.975B
PEP,2018-06,-13.58B,18.13B,7.263B,9.955B,1.28,1.28,28.22B,38.97B,8.827B,2018-06,3.491B,1.82B,-210.00M,-210.00M,16.76B,3.346B,30.64B,3.028B,14.60B,2.90B,1.07B,16.09B,5.799B,10.11B,78.73B,24.00M,30.37B,24.56B,68.51B,48.36B,43.95B,5.799B,14.60B,7.841B
PEP,2018-03,-12.72B,20.61B,5.655B,11.60B,0.94,0.94,28.64B,39.38B,6.907B,2018-03,3.335B,1.343B,-225.00M,-225.00M,17.14B,3.231B,31.93B,1.807B,14.28B,1.657B,304.00M,12.56B,5.10B,10.88B,81.89B,24.00M,33.05B,25.88B,70.90B,48.84B,45.02B,5.10B,14.28B,7.171B
PEP,2017-12,-13.06B,19.51B,9.079B,5.485B,-0.5,-0.5,28.58B,39.11B,10.45B,2017-12,2.947B,-710.00M,-262.00M,-262.00M,17.24B,3.242B,33.80B,2.57B,10.28B,2.331B,3.026B,19.53B,7.877B,10.89B,79.80B,65.00M,31.03B,20.50B,68.82B,48.78B,48.32B,7.877B,7.888B,7.024B
PEP,2017-09,-12.88B,18.28B,7.368B,7.717B,1.5,1.49,28.58B,38.75B,8.872B,2017-09,3.251B,2.144B,-217.00M,-217.00M,16.96B,4.419B,31.45B,2.924B,14.64B,2.776B,620.00M,16.24B,5.948B,13.30B,78.46B,65.00M,30.20B,22.36B,65.05B,48.27B,42.69B,5.948B,14.64B,7.923B
PEP,2017-06,-13.17B,17.16B,7.059B,8.279B,1.47,1.46,28.38B,37.97B,8.651B,2017-06,3.612B,2.105B,-216.00M,-216.00M,16.74B,4.429B,31.20B,2.919B,13.83B,2.774B,656.00M,15.71B,5.732B,12.40B,76.94B,65.00M,29.25B,22.11B,64.41B,47.70B,42.30B,5.732B,13.83B,7.543B
PEP,2017-03,-13.42B,15.99B,5.29B,8.577B,0.92,0.91,28.18B,37.37B,6.759B,2017-03,3.282B,1.318B,-212.00M,-212.00M,16.65B,4.521B,30.08B,1.863B,13.07B,1.721B,392.00M,12.05B,4.896B,11.57B,74.62B,65.00M,27.15B,21.64B,62.94B,47.47B,41.30B,4.896B,13.07B,6.848B
PEP,2016-12,-13.92B,16.12B,8.957B,6.892B,0.9811,0.97,27.86B,36.82B,10.56B,2016-12,2.723B,1.401B,-550.00M,-550.00M,16.59B,4.434B,30.05B,2.40B,9.699B,1.831B,414.00M,19.52B,8.207B,11.10B,73.49B,65.00M,26.45B,21.14B,62.29B,47.04B,41.16B,8.158B,7.255B,6.694B
PEP,2016-09,-12.83B,14.78B,7.284B,6.284B,1.38,1.37,27.68B,36.60B,8.743B,2016-09,3.12B,1.992B,-217.00M,-217.00M,16.30B,5.18B,29.32B,2.821B,14.30B,2.604B,600.00M,16.03B,5.904B,12.60B,73.90B,65.00M,27.10B,20.59B,61.18B,46.80B,40.59B,5.922B,14.30B,7.745B
PEP,2016-06,-12.81B,13.38B,6.83B,4.774B,1.39,1.38,27.74B,36.23B,8.565B,2016-06,3.487B,2.005B,-233.00M,-233.00M,16.22B,5.156B,30.85B,2.964B,13.68B,2.731B,718.00M,15.40B,5.584B,12.25B,72.71B,65.00M,25.88B,18.46B,60.34B,46.83B,41.88B,5.601B,13.68B,7.495B
PEP,2016-03,-13.57B,12.14B,5.151B,4.018B,0.64,0.64,27.18B,35.66B,6.711B,2016-03,3.219B,931.00M,-232.00M,-232.00M,16.10B,5.067B,31.07B,1.619B,12.82B,1.387B,442.00M,11.86B,5.078B,11.11B,70.02B,65.00M,23.97B,16.84B,58.79B,46.05B,41.95B,5.092B,12.82B,6.707B
PEP,2015-12,-13.32B,12.01B,8.487B,4.071B,1.186,1.17,27.26B,35.75B,10.10B,2015-12,2.72B,1.718B,-289.00M,-289.00M,16.32B,4.959B,29.21B,2.24B,8.906B,1.951B,218.00M,18.58B,7.911B,11.92B,69.67B,65.00M,23.03B,17.58B,57.64B,46.64B,40.06B,7.858B,6.587B,6.437B
PEP,2015-09,-12.51B,10.68B,7.49B,5.525B,0.36,0.36,27.80B,35.39B,8.841B,2015-09,3.124B,533.00M,-223.00M,-223.00M,16.13B,5.019B,26.32B,2.775B,13.55B,1.193B,650.00M,16.33B,6.048B,13.46B,69.90B,65.00M,22.81B,19.07B,56.32B,47.09B,37.25B,6.066B,13.55B,7.666B
PEP,2015-06,-11.10B,9.579B,7.251B,8.383B,1.34,1.33,28.94B,36.08B,8.672B,2015-06,3.931B,1.98B,-203.00M,-203.00M,16.74B,5.269B,23.08B,2.90B,13.16B,2.697B,703.00M,15.92B,5.753B,16.33B,72.26B,66.00M,23.07B,21.55B,55.80B,49.19B,34.25B,5.772B,13.16B,7.826B
PEP,2015-03,-11.57B,8.495B,5.503B,7.962B,0.82,0.81,28.44B,35.62B,6.714B,2015-03,3.462B,1.221B,-196.00M,-196.00M,16.68B,5.224B,22.40B,1.797B,12.16B,1.601B,370.00M,12.22B,4.901B,15.87B,69.62B,66.00M,20.92B,20.13B,53.64B,48.70B,33.51B,4.917B,12.16B,6.963B
PEP,2014-12,-10.67B,8.726B,9.718B,5.076B,0.881,0.87,29.05B,36.30B,10.23B,2014-12,3.143B,1.311B,-250.00M,-250.00M,17.24B,5.304B,23.82B,2.031B,8.358B,1.781B,455.00M,19.95B,8.172B,17.44B,70.51B,66.00M,20.66B,18.09B,52.96B,49.85B,34.87B,8.199B,6.136B,6.651B
PEP,2014-09,-6.146B,12.91B,7.995B,9.253B,1.33,1.32,31.72B,37.37B,9.223B,2014-09,3.784B,2.008B,-192.00M,-192.00M,17.93B,5.87B,23.49B,2.847B,13.59B,2.655B,637.00M,17.22B,6.354B,23.07B,80.47B,66.00M,26.59B,22.84B,57.28B,53.88B,34.44B,6.376B,13.59B,8.376B
PEP,2014-06,-5.481B,11.30B,7.778B,7.242B,1.3,1.29,32.25B,37.38B,9.116B,2014-06,4.194B,1.978B,-191.00M,-191.00M,18.17B,6.072B,25.61B,2.896B,12.99B,2.705B,718.00M,16.89B,6.198B,23.47B,80.43B,66.00M,25.80B,20.23B,56.83B,54.64B,36.60B,6.22B,12.99B,8.47B
PEP,2014-03,-5.94B,10.09B,5.747B,7.832B,0.8,0.79,31.96B,36.78B,6.876B,2014-03,3.748B,1.216B,-191.00M,-191.00M,18.13B,6.092B,24.24B,1.807B,11.62B,1.616B,389.00M,12.62B,5.048B,22.77B,77.49B,66.00M,23.28B,19.46B,54.60B,54.21B,35.14B,5.069B,11.62B,7.262B
PEP,2013-12,-5.127B,9.678B,9.565B,5.306B,1.139,1.12,32.65B,36.96B,10.55B,2013-12,3.409B,1.742B,-234.00M,-234.00M,18.58B,5.986B,24.33B,2.398B,8.018B,2.164B,410.00M,20.12B,8.12B,24.28B,77.48B,66.00M,22.20B,17.84B,53.09B,55.28B,35.25B,8.155B,5.773B,6.954B
PEP,2013-09,-6.907B,9.559B,7.946B,5.256B,1.24,1.23,32.50B,35.91B,8.963B,2013-09,3.738B,1.913B,-203.00M,-203.00M,18.07B,5.047B,24.29B,2.78B,13.21B,2.577B,654.00M,16.91B,6.158B,22.29B,76.81B,67.00M,22.93B,18.47B,54.41B,53.88B,35.94B,6.183B,13.21B,8.088B
PEP,2013-06,-6.275B,8.139B,7.898B,6.298B,1.3,1.28,32.89B,35.96B,8.909B,2013-06,4.131B,2.01B,-190.00M,-190.00M,18.39B,5.10B,23.21B,2.869B,12.86B,2.679B,654.00M,16.81B,6.013B,22.66B,76.65B,67.00M,21.96B,19.16B,53.89B,54.69B,34.73B,6.04B,12.86B,7.981B
PEP,2013-03,-5.607B,7.011B,5.834B,6.175B,0.69,0.69,33.32B,36.21B,6.747B,2013-03,3.92B,1.075B,-187.00M,-187.00M,18.84B,5.051B,23.22B,1.658B,11.82B,1.471B,386.00M,12.58B,5.066B,22.35B,75.36B,67.00M,19.91B,17.99B,52.89B,55.44B,34.90B,5.089B,11.82B,7.234B
PEP,2012-12,-5.487B,6.619B,9.654B,4.815B,1.076,1.06,33.50B,36.16B,10.30B,2012-12,3.581B,1.661B,-244.00M,-244.00M,19.14B,5.063B,23.54B,2.213B,7.847B,1.969B,302.00M,19.95B,8.05B,22.29B,74.64B,67.00M,18.72B,17.09B,52.24B,55.92B,35.15B,8.087B,5.66B,7.041B
PEP,2012-09,-6.086B,5.711B,7.833B,4.211B,1.22,1.21,33.01B,34.92B,8.819B,2012-09,3.905B,1.902B,-181.00M,-181.00M,18.53B,4.93B,23.73B,2.80B,12.01B,2.619B,706.00M,16.65B,5.992B,21.44B,74.02B,72.00M,19.27B,16.22B,52.43B,54.75B,36.21B,6.019B,12.01B,7.998B
PEP,2012-06,-6.636B,4.193B,7.915B,7.038B,0.95,0.94,32.66B,34.27B,8.543B,2012-06,4.274B,1.488B,-208.00M,-208.00M,18.51B,4.867B,21.29B,2.377B,11.23B,2.169B,668.00M,16.46B,6.136B,20.46B,72.39B,72.00M,18.03B,18.27B,51.80B,54.36B,33.53B,6.166B,11.23B,7.721B
PEP,2012-03,-4.464B,3.813B,5.889B,5.656B,0.72,0.71,34.26B,36.19B,6.539B,2012-03,4.214B,1.127B,-175.00M,-175.00M,20.00B,5.075B,22.05B,1.722B,11.33B,1.547B,414.00M,12.43B,4.792B,22.64B,74.39B,72.00M,17.58B,16.98B,51.44B,56.81B,34.45B,4.817B,11.33B,7.158B
PEP,2011-12,-6.229B,4.425B,9.731B,6.205B,0.8978,0.89,33.24B,35.14B,10.43B,2011-12,3.827B,1.415B,-248.00M,-248.00M,19.70B,4.995B,20.57B,2.247B,7.193B,1.999B,597.00M,20.16B,8.15B,20.59B,72.88B,67.00M,17.44B,18.15B,51.98B,55.44B,33.83B,8.18B,5.088B,6.912B
PEP,2011-09,-2.80B,3.535B,8.452B,5.07B,1.27,1.25,34.13B,36.26B,9.13B,2011-09,4.205B,2.00B,-209.00M,-209.00M,20.74B,5.17B,21.78B,2.906B,12.50B,2.697B,686.00M,17.58B,6.186B,23.58B,75.38B,72.00M,17.83B,17.56B,51.38B,57.54B,33.81B,6.224B,12.50B,8.33B
PEP,2011-06,-2.254B,3.344B,7.963B,5.715B,1.19,1.17,34.33B,35.98B,8.864B,2011-06,4.539B,1.885B,-179.00M,-179.00M,20.85B,4.977B,21.61B,2.754B,12.34B,2.575B,670.00M,16.83B,6.07B,23.95B,75.68B,72.00M,17.92B,18.06B,51.31B,57.76B,33.25B,6.11B,12.34B,8.283B
