Ticker,Date,Accrued Comprehensive Inc,Cash and Short Term Investments,Cost of Goods Sold,Current Debt & Capital Lease Obligation,Current Deferred Liabilities,EPS Basic,EPS Diluted,Goodwill and Intangibles,Gross PP&E,Gross Profit,Income (Quarterly),Inventories,Net Income,Net Non-Operating Interest Income Expense,Net Operating Interest Income,Net PP&E,Non-Current Deferred Liabilities,Non-Current Portion of LTD and Capital Lease Obligation,Operating Income,Payables and Accrued Expenses,Pre-Tax Income,Provision for Income Taxes,Research and Development Expense,Revenue,SG&A Expense,Shareholders Equity,Total Assets,Total Capital Stock,Total Current Assets,Total Current Liabilities,Total Liabilities,Total Long Term Assets,Total Long Term Liabilities,Total Operating Expenses,Total Payables,Total Receivables
PFE,2020-12,-11.69B,12.22B,1.504B,2.703B,0,0.11,0.1,78.05B,28.71B,4.443B,2020-12,8.046B,594.00M,-268.00M,-268.00M,13.90B,4.063B,35.57B,-2.19B,7.52B,-2.517B,-491.00M,3.189B,5.947B,2.696B,63.24B,154.23B,470.00M,35.07B,25.92B,90.76B,119.16B,64.84B,6.633B,7.52B,11.19B
PFE,2020-09,-12.68B,10.50B,2.529B,13.36B,0,0.39,0.39,90.83B,31.04B,9.602B,2020-09,9.295B,2.194B,-399.00M,-399.00M,14.40B,4.542B,48.16B,3.328B,7.683B,2.176B,-26.00M,2.36B,12.13B,3.016B,65.26B,178.98B,470.00M,47.74B,34.15B,113.49B,131.24B,79.33B,6.274B,7.683B,14.01B
PFE,2020-06,-13.25B,11.38B,2.281B,13.08B,0,0.62,0.61,91.99B,31.00B,9.52B,2020-06,8.564B,3.426B,-353.00M,-353.00M,14.11B,5.409B,50.53B,3.453B,7.428B,3.953B,519.00M,2.132B,11.80B,3.03B,64.34B,177.93B,470.00M,46.42B,32.72B,113.37B,131.51B,80.65B,6.067B,7.428B,12.55B
PFE,2020-03,-13.13B,10.35B,2.378B,16.00B,0,0.61,0.61,92.97B,30.97B,9.65B,2020-03,8.423B,3.401B,-356.00M,-356.00M,14.04B,5.268B,36.28B,4.168B,5.122B,3.885B,475.00M,1.724B,12.03B,2.873B,65.03B,166.34B,487.00M,34.74B,33.89B,101.00B,131.60B,67.11B,5.482B,5.122B,13.23B
PFE,2019-12,-11.64B,9.646B,640.00M,16.19B,0,-0.06,-0.06,82.14B,27.96B,1.47B,2019-12,7.068B,-336.00M,-375.00M,-375.00M,12.97B,5.652B,34.65B,-4.621B,6.971B,-7.705B,-1.948B,2.567B,2.11B,2.64B,63.14B,167.59B,485.00M,32.80B,37.30B,104.15B,134.79B,66.84B,6.091B,6.971B,9.508B
PFE,2019-09,-11.80B,9.087B,2.602B,16.61B,0,1.38,1.36,97.66B,30.43B,10.08B,2019-09,8.222B,7.68B,-349.00M,-349.00M,13.70B,6.724B,36.04B,3.323B,7.826B,10.73B,3.047B,2.283B,12.68B,3.26B,65.10B,170.45B,486.00M,33.46B,36.97B,105.05B,136.99B,68.08B,6.755B,7.826B,13.17B
PFE,2019-06,-11.54B,12.91B,2.576B,10.51B,0,0.91,0.89,86.38B,29.91B,10.69B,2019-06,8.233B,5.046B,-330.00M,-330.00M,13.52B,3.18B,36.17B,4.151B,7.529B,4.141B,-915.00M,1.842B,13.26B,3.511B,59.57B,156.20B,486.00M,47.07B,32.03B,96.28B,109.13B,64.24B,6.537B,7.529B,13.52B
PFE,2019-03,-10.92B,11.62B,2.433B,9.411B,0,0.69,0.68,87.53B,29.62B,10.68B,2019-03,8.029B,3.884B,-295.00M,-295.00M,13.47B,3.591B,35.73B,4.46B,6.005B,4.323B,433.00M,1.703B,13.12B,3.339B,58.81B,155.42B,487.00M,45.29B,29.42B,96.26B,110.13B,66.84B,6.225B,6.005B,13.20B
PFE,2018-12,-11.28B,18.83B,814.00M,8.836B,0,-0.07,-0.07,88.62B,29.98B,341.00M,2018-12,7.508B,-393.00M,-277.00M,-277.00M,13.38B,3.70B,32.91B,-5.13B,7.986B,-9.237B,-1.536B,2.211B,1.155B,2.164B,63.41B,159.42B,486.00M,49.93B,31.86B,95.66B,109.50B,63.81B,5.471B,7.986B,11.40B
PFE,2018-09,-10.42B,17.24B,2.694B,14.78B,0,0.7,0.69,100.92B,31.11B,10.60B,2018-09,8.184B,4.114B,-228.00M,-228.00M,14.04B,5.512B,33.65B,3.849B,9.041B,4.177B,66.00M,2.008B,13.30B,3.494B,71.32B,167.84B,486.00M,41.58B,29.01B,96.17B,126.26B,67.16B,6.755B,9.041B,13.71B
PFE,2018-06,-10.00B,13.43B,2.916B,11.59B,0,0.66,0.65,102.42B,30.76B,10.55B,2018-06,8.074B,3.872B,-246.00M,-246.00M,13.92B,5.743B,28.94B,4.02B,8.657B,4.527B,648.00M,1.797B,13.47B,3.542B,69.78B,164.98B,485.00M,37.30B,32.16B,94.86B,127.68B,62.70B,6.53B,8.657B,13.46B
PFE,2018-03,-9.402B,11.42B,2.563B,9.001B,0,0.6,0.59,104.08B,30.64B,10.34B,2018-03,8.148B,3.561B,-233.00M,-233.00M,13.97B,5.967B,31.83B,3.992B,5.493B,4.127B,556.00M,1.743B,12.91B,3.412B,70.18B,164.61B,486.00M,34.84B,27.36B,94.07B,129.78B,66.71B,6.351B,5.493B,13.08B
PFE,2017-12,-9.321B,19.99B,3.256B,9.94B,0,2.06,2.02,104.69B,30.04B,10.45B,2017-12,7.578B,12.27B,-214.00M,-214.00M,13.86B,3.90B,32.67B,2.389B,7.162B,954.00M,-11.34B,2.316B,13.70B,4.555B,71.31B,171.80B,485.00M,41.14B,30.43B,100.14B,130.65B,69.71B,8.058B,7.162B,11.27B
PFE,2017-09,-9.164B,16.92B,2.844B,9.448B,0,0.48,0.47,105.80B,29.41B,10.32B,2017-09,7.925B,2.84B,-221.00M,-221.00M,13.50B,30.41B,34.50B,3.778B,6.392B,3.585B,727.00M,1.865B,13.17B,3.504B,60.77B,172.15B,485.00M,40.29B,28.22B,111.04B,131.86B,82.82B,6.546B,6.392B,13.26B
PFE,2017-06,-10.18B,14.33B,2.66B,9.514B,0,0.52,0.51,106.36B,28.89B,10.24B,2017-06,7.584B,3.073B,-218.00M,-218.00M,13.39B,30.88B,34.19B,3.811B,5.895B,3.815B,739.00M,1.787B,12.90B,3.43B,58.37B,168.56B,486.00M,36.38B,27.18B,109.86B,132.17B,82.68B,6.425B,5.895B,12.59B
PFE,2017-03,-10.59B,14.56B,2.468B,7.68B,0,0.52,0.51,107.08B,28.29B,10.31B,2017-03,7.415B,3.121B,-228.00M,-228.00M,13.24B,30.86B,36.33B,4.094B,4.183B,3.951B,821.00M,1.716B,12.78B,3.315B,58.44B,168.78B,486.00M,35.88B,24.86B,110.04B,132.90B,85.17B,6.217B,4.183B,11.68B
PFE,2016-12,-11.04B,17.85B,3.211B,10.66B,0,0.13,0.13,107.10B,28.12B,10.42B,2016-12,6.783B,775.00M,-184.00M,-184.00M,13.32B,30.75B,30.40B,2.333B,6.917B,776.00M,14.00M,2.532B,13.63B,4.43B,59.54B,171.62B,485.00M,38.95B,31.12B,111.78B,132.67B,80.66B,8.084B,6.917B,11.27B
PFE,2016-09,-8.214B,14.37B,3.085B,13.63B,0,0.22,0.22,110.52B,28.12B,9.96B,2016-09,7.507B,1.355B,-168.00M,-168.00M,13.28B,31.69B,30.44B,3.552B,6.455B,1.604B,249.00M,1.881B,13.04B,3.559B,63.31B,178.43B,486.00M,38.50B,34.76B,114.83B,139.93B,80.07B,6.408B,6.455B,12.66B
PFE,2016-06,-8.891B,20.94B,3.174B,13.72B,0,0.34,0.33,93.66B,28.25B,9.973B,2016-06,7.614B,2.047B,-170.00M,-170.00M,13.61B,28.30B,30.46B,3.793B,5.728B,2.41B,347.00M,1.748B,13.15B,3.471B,62.77B,170.66B,486.00M,43.84B,32.10B,107.59B,126.81B,75.49B,6.18B,5.728B,12.26B
PFE,2016-03,-9.52B,19.44B,2.851B,11.55B,0,0.49,0.49,88.16B,27.59B,10.15B,2016-03,7.578B,3.038B,-193.00M,-193.00M,13.58B,26.55B,27.82B,4.032B,4.045B,3.561B,513.00M,1.731B,13.00B,3.385B,63.07B,162.93B,486.00M,41.30B,28.74B,99.58B,121.63B,70.85B,6.122B,4.045B,11.92B
PFE,2015-12,-9.522B,23.29B,3.41B,10.16B,0,-0.03,-0.03,88.60B,27.27B,10.64B,2015-12,7.513B,-172.00M,-196.00M,-196.00M,13.77B,26.88B,28.74B,2.261B,5.89B,-354.00M,-188.00M,2.348B,14.05B,5.048B,64.72B,167.38B,485.00M,43.80B,29.40B,102.38B,123.58B,72.98B,8.376B,5.89B,10.84B
PFE,2015-09,-9.17B,20.66B,2.219B,9.818B,0,0.35,0.34,90.51B,24.99B,9.868B,2015-09,7.678B,2.13B,-157.00M,-157.00M,13.70B,28.65B,29.08B,3.939B,6.20B,2.697B,567.00M,1.722B,12.09B,3.27B,66.84B,170.87B,486.00M,45.00B,27.84B,103.74B,125.86B,75.90B,5.929B,6.20B,9.535B
PFE,2015-06,-8.521B,30.26B,2.18B,8.394B,0,0.43,0.42,75.00B,25.68B,9.673B,2015-06,5.796B,2.626B,-159.00M,-159.00M,11.43B,24.66B,26.73B,3.681B,5.713B,3.539B,905.00M,1.734B,11.85B,3.386B,66.89B,160.88B,486.00M,51.72B,24.14B,93.70B,109.16B,69.56B,5.992B,5.713B,8.951B
PFE,2015-03,-8.557B,27.71B,1.838B,6.555B,0,0.38,0.38,76.19B,0,9.026B,2015-03,5.786B,2.376B,-216.00M,-216.00M,11.53B,24.47B,29.37B,3.097B,3.668B,3.082B,706.00M,1.885B,10.86B,3.104B,67.30B,160.64B,486.00M,49.44B,20.22B,93.05B,111.20B,72.83B,5.929B,3.668B,8.92B
PFE,2014-12,-7.316B,36.12B,2.702B,5.141B,0,0.2,0.19,77.24B,0,10.42B,2014-12,5.663B,1.228B,-231.00M,-231.00M,11.76B,23.32B,31.54B,2.277B,5.452B,1.803B,545.00M,3.209B,13.12B,3.981B,71.30B,167.57B,484.00M,55.60B,21.59B,95.94B,111.97B,74.36B,8.139B,5.452B,10.97B
PFE,2014-09,-3.467B,33.45B,2.368B,5.389B,0,0.42,0.42,79.10B,0,9.993B,2014-09,6.355B,2.666B,-235.00M,-235.00M,12.03B,26.32B,31.67B,3.663B,3.865B,3.587B,911.00M,1.802B,12.36B,3.556B,77.99B,171.36B,485.00M,56.99B,19.92B,93.06B,114.38B,73.14B,6.33B,3.865B,9.955B
PFE,2014-06,-3.152B,34.05B,2.462B,5.561B,0,0.46,0.45,80.02B,0,10.31B,2014-06,6.249B,2.912B,-239.00M,-239.00M,12.18B,26.31B,32.27B,4.031B,5.40B,4.003B,1.082B,1.759B,12.77B,3.52B,76.63B,172.61B,485.00M,58.29B,21.94B,95.66B,114.32B,73.72B,6.28B,5.40B,10.39B
PFE,2014-03,-3.39B,33.88B,2.045B,9.319B,0,0.36,0.36,80.59B,0,9.308B,2014-03,6.066B,2.329B,-229.00M,-229.00M,12.35B,25.92B,27.65B,3.528B,3.398B,2.847B,582.00M,1.623B,11.35B,3.04B,77.77B,171.81B,486.00M,57.79B,24.79B,93.74B,114.02B,68.95B,5.78B,3.398B,9.399B
PFE,2013-12,-3.271B,32.41B,2.794B,6.027B,0,0.4,0.39,81.90B,0,10.76B,2013-12,6.166B,2.568B,-235.00M,-235.00M,12.40B,25.59B,30.46B,3.678B,5.575B,3.061B,430.00M,1.811B,13.56B,4.152B,76.31B,172.10B,486.00M,56.24B,23.37B,95.48B,115.86B,72.12B,7.086B,5.575B,9.357B
PFE,2013-09,-6.383B,33.68B,2.287B,4.738B,0,0.39,0.39,82.95B,0,10.36B,2013-09,6.482B,2.59B,-246.00M,-246.00M,12.36B,22.43B,31.81B,4.217B,3.09B,3.573B,985.00M,1.627B,12.64B,3.395B,77.97B,175.52B,487.00M,59.50B,20.37B,97.17B,116.02B,76.79B,6.139B,3.09B,19.21B
PFE,2013-06,-6.465B,33.71B,2.242B,5.214B,14.79B,2,1.98,84.21B,25.96B,10.73B,2013-06,6.282B,14.10B,-254.00M,-254.00M,12.44B,22.34B,31.53B,4.47B,4.567B,5.357B,1.782B,1.53B,12.97B,3.591B,78.55B,179.34B,487.00M,61.44B,23.45B,100.36B,117.90B,76.91B,6.261B,4.567B,21.34B
PFE,2013-03,-6.155B,35.35B,2.263B,8.896B,0,0.38,0.38,87.86B,29.24B,10.15B,2013-03,7.035B,2.75B,-276.00M,-276.00M,13.95B,22.44B,31.48B,4.001B,4.442B,3.725B,1.109B,1.71B,12.41B,3.217B,82.25B,187.40B,488.00M,64.76B,27.54B,104.57B,122.64B,77.03B,6.146B,4.442B,22.38B
PFE,2012-12,-5.953B,32.40B,2.753B,6.424B,0,0.86,0.85,88.81B,0,11.14B,2012-12,6.076B,6.315B,-266.00M,-266.00M,13.21B,21.19B,31.04B,3.56B,5.633B,2.077B,599.00M,2.021B,13.89B,4.337B,81.26B,185.80B,487.00M,64.83B,29.19B,104.12B,120.97B,74.93B,7.578B,5.633B,10.68B
PFE,2012-09,-5.653B,22.97B,2.309B,7.774B,0,0.43,0.43,91.58B,0,10.64B,2012-09,7.516B,3.208B,-272.00M,-272.00M,14.61B,19.13B,31.08B,4.055B,6.492B,2.806B,-183.00M,1.887B,12.95B,3.491B,81.70B,182.60B,488.00M,57.13B,29.13B,100.49B,125.48B,71.36B,6.589B,4.756B,21.37B
PFE,2012-06,-6.008B,24.31B,2.376B,7.703B,0,0.44,0.43,92.97B,0,11.59B,2012-06,7.001B,3.253B,-293.00M,-293.00M,14.76B,18.49B,30.87B,5.052B,8.582B,4.18B,1.18B,1.60B,13.97B,3.665B,79.55B,182.84B,489.00M,58.76B,30.80B,102.88B,124.08B,72.08B,6.54B,7.089B,22.10B
PFE,2012-03,-3.622B,23.97B,2.745B,5.526B,0,0.24,0.24,98.05B,0,12.14B,2012-03,7.189B,1.794B,-309.00M,-309.00M,16.19B,19.74B,33.54B,4.69B,6.774B,2.435B,711.00M,2.062B,14.88B,3.968B,83.26B,185.68B,489.00M,54.86B,27.09B,102.01B,130.82B,74.91B,7.45B,5.022B,23.54B
PFE,2011-12,-4.129B,26.45B,2.051B,4.016B,0,0.19,0.19,95.75B,0,9.866B,2011-12,6.61B,1.439B,-271.00M,-271.00M,15.92B,18.86B,34.93B,2.399B,6.483B,1.332B,454.00M,2.194B,11.92B,3.946B,82.19B,188.00B,490.00M,60.82B,28.91B,105.38B,127.18B,76.47B,7.467B,6.483B,22.44B
PFE,2011-09,-1.211B,28.96B,3.409B,5.637B,0,0.48,0.48,101.01B,0,13.20B,2011-09,8.426B,3.738B,-314.00M,-314.00M,17.72B,20.42B,35.40B,5.178B,5.98B,3.541B,1.216B,2.176B,16.61B,4.457B,90.05B,196.13B,491.00M,62.73B,27.86B,105.60B,133.40B,77.75B,8.022B,5.98B,25.22B
PFE,2011-06,-952.00M,25.48B,3.571B,5.988B,0,0.33,0.33,102.17B,0,12.91B,2011-06,8.597B,2.61B,-287.00M,-287.00M,18.28B,20.07B,35.72B,4.499B,7.184B,3.598B,1.077B,2.231B,16.48B,4.80B,88.48B,195.90B,492.00M,60.48B,30.47B,106.94B,135.42B,76.46B,8.415B,7.184B,24.92B
PFE,2011-03,-2.056B,24.01B,3.693B,6.093B,0,0.28,0.28,103.35B,0,12.81B,2011-03,8.467B,2.222B,-353.00M,-353.00M,18.83B,19.41B,35.31B,4.839B,5.709B,3.118B,894.00M,2.091B,16.50B,4.503B,90.07B,194.96B,493.00M,58.24B,29.17B,104.42B,136.71B,75.25B,7.97B,5.709B,24.34B
