Ticker,Date,Accrued Comprehensive Inc,Cash and Short Term Investments,Current Debt & Capital Lease Obligation,Current Deferred Liabilities,EPS Basic,EPS Diluted,Goodwill and Intangibles,Income (Quarterly),Net Income,Net Loan Assets,Net Non-Operating Interest Income Expense,Net Operating Interest Income,Net PP&E,Non-Current Deferred Liabilities,Non-Current Portion of LTD and Capital Lease Obligation,Payables and Accrued Expenses,Pre-Tax Income,Provision for Income Taxes,Revenue,SG&A Expense,Shareholders Equity,Total Assets,Total Capital Stock,Total Current Assets,Total Current Liabilities,Total Liabilities,Total Long Term Assets,Total Long Term Liabilities,Total Operating Expenses,Total Payables,Total Receivables
PFG,2020-12,2.383B,81.56B,84.70M,0,1.72,1.71,3.434B,2020-12,472.60M,18.13B,0,0,1.019B,2.331B,4.279B,22.30M,591.60M,100.10M,3.765B,1.162B,16.56B,296.63B,4.80M,83.28B,107.00M,280.01B,105.06B,6.866B,1.162B,22.30M,1.724B
PFG,2020-09,1.747B,80.05B,76.60M,0,0.86,0.85,3.359B,2020-09,236.00M,17.66B,0,0,998.80M,2.107B,4.279B,15.70M,275.10M,39.20M,3.311B,1.166B,15.65B,278.48B,4.80M,81.58B,92.30M,262.76B,102.09B,6.664B,1.166B,15.70M,1.530B
PFG,2020-06,1.451B,77.42B,76.30M,0,1.45,1.45,3.340B,2020-06,398.30M,17.49B,0,0,993.10M,2.062B,4.163B,16.30M,498.60M,82.50M,3.115B,983.30M,15.24B,271.31B,4.80M,79.18B,92.60M,256.00B,99.84B,6.498B,983.30M,16.30M,1.76B
PFG,2020-03,-599.20M,72.19B,105.60M,0,1.05,1.04,3.333B,2020-03,288.90M,17.44B,0,0,973.80M,1.450B,3.670B,14.70M,328.20M,43.20M,4.551B,1.336B,12.91B,246.90B,4.80M,73.88B,120.30M,233.93B,94.13B,5.360B,1.336B,14.70M,1.691B
PFG,2019-12,1.038B,72.62B,93.40M,0,1.08,1.07,3.480B,2019-12,300.90M,17.28B,0,0,967.70M,1.797B,3.734B,16.20M,371.30M,56.00M,4.047B,1.223B,14.62B,276.09B,4.80M,74.36B,109.60M,261.40B,95.75B,5.796B,1.223B,16.20M,1.740B
PFG,2019-09,1.307B,71.27B,96.10M,0,0.99,0.98,3.492B,2019-09,277.10M,17.29B,0,0,961.70M,1.928B,3.764B,21.60M,345.70M,61.10M,4.458B,1.242B,14.80B,270.24B,4.80M,72.90B,117.70M,255.37B,93.77B,6.061B,1.242B,21.60M,1.636B
PFG,2019-06,647.70M,68.58B,76.80M,0,1.38,1.37,2.412B,2019-06,386.30M,16.94B,0,0,959.50M,1.688B,3.762B,19.80M,450.30M,58.20M,3.973B,1.046B,14.03B,267.92B,4.80M,70.13B,96.60M,253.82B,89.61B,5.754B,1.046B,19.80M,1.549B
PFG,2019-03,-418.90M,65.38B,43.90M,0,1.54,1.53,2.421B,2019-03,429.90M,16.40B,0,0,933.20M,1.319B,3.266B,22.30M,526.00M,73.90M,3.744B,992.70M,12.69B,259.42B,4.80M,67.02B,66.20M,246.66B,86.79B,5.123B,992.70M,22.30M,1.641B
PFG,2018-12,-1.565B,63.09B,42.90M,0,0.84,0.84,2.415B,2018-12,236.50M,16.14B,0,0,767.30M,958.40M,3.260B,25.30M,242.90M,11.20M,3.771B,1.057B,11.39B,243.04B,4.80M,64.50B,68.20M,231.58B,83.29B,4.609B,1.057B,25.30M,1.413B
PFG,2018-09,-1.348B,63.37B,36.10M,0,1.6,1.59,2.483B,2018-09,456.30M,15.72B,0,0,770.60M,911.40M,3.246B,29.30M,569.10M,109.10M,4.348B,1.105B,11.70B,258.76B,4.80M,64.89B,65.40M,246.99B,83.37B,4.305B,1.105B,29.30M,1.514B
PFG,2018-06,-1.138B,61.65B,64.50M,0,1.59,1.58,2.459B,2018-06,456.60M,15.17B,0,0,762.90M,887.90M,3.220B,19.80M,515.40M,55.90M,3.235B,990.10M,11.64B,252.10B,4.80M,63.11B,84.30M,240.40B,81.75B,4.247B,990.10M,19.80M,1.456B
PFG,2018-03,-469.30M,62.95B,78.10M,0,1.37,1.36,2.489B,2018-03,397.10M,15.29B,0,0,775.20M,909.00M,3.197B,17.60M,457.00M,54.50M,2.884B,985.00M,12.19B,253.64B,4.70M,64.58B,95.70M,241.38B,81.35B,4.233B,985.00M,17.60M,1.638B
PFG,2017-12,165.50M,61.86B,39.50M,0,2.92,2.86,2.384B,2017-12,841.80M,14.96B,0,0,759.50M,1.092B,3.178B,16.70M,314.80M,-528.10M,3.238B,1.089B,12.85B,253.94B,4.70M,63.33B,56.20M,241.02B,81.25B,4.372B,1.089B,16.70M,1.470B
PFG,2017-09,47.00M,62.05B,58.80M,0,2.8,2.76,2.370B,2017-09,810.20M,14.83B,0,0,754.60M,1.515B,3.175B,53.70M,1.158B,344.60M,4.628B,932.80M,12.00B,247.93B,4.70M,63.57B,112.50M,235.87B,80.21B,4.820B,932.80M,53.70M,1.517B
PFG,2017-06,-116.10M,59.91B,42.00M,0,1.07,1.06,2.345B,2017-06,309.50M,14.58B,0,0,750.30M,1.282B,3.127B,16.50M,365.60M,50.80M,3.178B,928.70M,11.17B,240.15B,4.70M,61.29B,58.50M,228.92B,78.62B,4.504B,928.70M,16.50M,1.381B
PFG,2017-03,-455.10M,58.64B,59.50M,0,1.21,1.19,2.356B,2017-03,348.90M,14.21B,0,0,718.80M,1.048B,3.126B,15.00M,414.00M,60.40M,3.049B,943.20M,10.62B,235.50B,4.70M,60.08B,74.50M,224.81B,77.37B,4.269B,943.20M,15.00M,1.447B
PFG,2016-12,-675.20M,57.66B,51.40M,0,1.1,1.09,2.346B,2016-12,318.00M,14.05B,0,0,699.00M,972.40M,3.126B,12.90M,381.30M,43.10M,3.514B,985.60M,10.23B,228.01B,4.70M,59.03B,64.30M,217.72B,75.11B,4.196B,985.60M,12.90M,1.362B
PFG,2016-09,91.80M,58.48B,39.90M,0,1.07,1.06,2.381B,2016-09,308.20M,13.91B,0,0,674.50M,1.230B,3.278B,11.60M,370.70M,43.30M,2.818B,919.60M,10.79B,230.37B,4.70M,59.87B,51.50M,219.50B,76.26B,4.698B,919.60M,11.60M,1.383B
PFG,2016-06,-19.30M,57.64B,25.90M,0,1.11,1.1,2.396B,2016-06,322.30M,13.52B,0,0,667.90M,1.235B,3.270B,10.20M,399.90M,72.90M,3.026B,927.90M,10.50B,223.07B,4.70M,59.15B,36.10M,212.51B,75.05B,4.842B,927.90M,10.20M,1.505B
PFG,2016-03,-356.10M,55.29B,122.60M,0,1.26,1.25,2.408B,2016-03,368.00M,13.20B,0,0,657.30M,1.044B,3.269B,16.40M,439.80M,70.60M,3.037B,899.50M,10.04B,217.57B,4.70M,56.60B,139.00M,207.46B,72.48B,4.574B,899.50M,16.40M,1.310B
PFG,2015-12,-882.50M,52.64B,181.10M,0,0.87,0.86,2.368B,2015-12,253.60M,13.16B,0,0,633.80M,697.20M,3.265B,18.40M,309.00M,50.70M,2.807B,920.80M,9.312B,218.66B,4.70M,54.07B,199.50M,209.28B,69.16B,4.048B,920.80M,18.40M,1.429B
PFG,2015-09,-524.40M,52.76B,221.60M,0,1.02,1.01,2.404B,2015-09,300.40M,13.05B,0,0,611.60M,878.80M,3.286B,16.70M,369.20M,68.30M,3.241B,961.40M,9.620B,215.37B,4.70M,54.16B,238.30M,205.68B,69.01B,4.243B,961.40M,16.70M,1.402B
PFG,2015-06,-326.60M,51.39B,26.60M,0,0.82,0.81,2.240B,2015-06,257.60M,12.90B,0,0,601.90M,819.70M,3.316B,16.00M,294.50M,29.60M,3.259B,869.00M,9.693B,222.27B,4.60M,52.67B,42.60M,212.51B,67.37B,4.207B,869.00M,16.00M,1.283B
PFG,2015-03,28.00M,51.35B,27.20M,0,1.41,1.39,2.272B,2015-03,422.40M,12.73B,0,0,607.40M,968.50M,2.515B,12.00M,458.10M,29.00M,2.657B,921.20M,10.42B,222.49B,4.70M,52.58B,39.20M,212.00B,67.97B,3.548B,921.20M,12.00M,1.23B
PFG,2014-12,50.40M,51.66B,28.00M,0,0.92,0.91,2.331B,2014-12,278.70M,12.64B,0,0,590.20M,1.035B,2.531B,11.50M,317.20M,36.90M,2.908B,926.60M,10.18B,219.09B,4.70M,52.87B,39.50M,208.86B,67.88B,3.624B,926.60M,11.50M,1.213B
PFG,2014-09,380.10M,51.02B,126.30M,0,0.78,0.77,2.396B,2014-09,248.90M,12.58B,0,0,590.10M,1.151B,2.529B,18.10M,393.80M,141.00M,2.484B,932.50M,10.32B,216.42B,4.70M,52.21B,144.40M,206.05B,67.79B,3.736B,932.50M,18.10M,1.189B
PFG,2014-06,599.40M,52.13B,148.60M,0,1.04,1.03,2.504B,2014-06,314.60M,12.43B,0,0,574.00M,1.080B,2.529B,9.30M,407.50M,88.30M,2.607B,886.20M,10.40B,218.32B,4.70M,53.37B,157.90M,207.86B,68.39B,3.892B,886.20M,9.30M,1.232B
PFG,2014-03,361.80M,51.58B,148.80M,0,0.96,0.95,2.497B,2014-03,301.90M,12.32B,0,0,546.00M,889.70M,2.516B,6.40M,376.40M,52.30M,2.479B,829.00M,9.988B,211.19B,4.70M,52.78B,155.20M,201.14B,67.91B,3.686B,829.00M,6.40M,1.199B
PFG,2013-12,183.20M,51.24B,150.60M,0,0.7906,0.78,2.559B,2013-12,241.70M,12.39B,0,0,500.70M,824.00M,2.601B,5.20M,309.90M,59.50M,2.673B,920.80M,9.684B,208.19B,4.70M,52.48B,155.80M,198.41B,66.74B,3.673B,920.80M,5.20M,1.241B
PFG,2013-09,-17.70M,50.74B,175.50M,0,0.83,0.82,2.625B,2013-09,253.90M,12.73B,0,0,479.10M,634.60M,2.593B,7.90M,320.30M,61.20M,2.240B,774.60M,9.278B,201.69B,4.70M,51.90B,183.40M,192.31B,67.17B,3.462B,774.60M,7.90M,1.161B
PFG,2013-06,-0.50M,50.44B,175.30M,0,0.76,0.75,2.656B,2013-06,230.60M,12.99B,-1.70M,-1.70M,476.40M,578.70M,2.579B,7.20M,265.60M,29.00M,2.211B,801.80M,9.303B,196.51B,4.70M,51.66B,182.50M,187.10B,67.71B,3.211B,801.80M,7.20M,1.219B
PFG,2013-03,621.00M,52.89B,46.50M,0,0.61,0.61,2.788B,2013-03,186.50M,12.44B,0,0,472.60M,791.40M,2.790B,9.80M,228.20M,38.20M,2.167B,795.70M,9.724B,200.76B,4.70M,54.07B,56.30M,190.94B,69.33B,3.641B,795.70M,9.80M,1.175B
PFG,2012-12,640.30M,55.25B,40.80M,0,0.744,0.74,1.458B,2012-12,223.20M,12.38B,0,0,464.20M,600.00M,2.671B,15.30M,260.90M,34.20M,2.296B,832.40M,9.683B,161.83B,4.60M,56.34B,56.10M,152.13B,67.27B,3.332B,832.40M,15.30M,1.084B
PFG,2012-09,880.80M,2.279B,28.50M,0,0.64,0.63,1.476B,2012-09,195.40M,12.16B,0,0,468.40M,951.50M,2.18B,6.60M,191.60M,-7.20M,2.705B,816.40M,9.828B,159.19B,4.60M,3.471B,35.10M,149.29B,68.01B,3.132B,816.40M,6.60M,1.192B
PFG,2012-06,550.50M,1.647B,262.90M,0,0.56,0.56,1.477B,2012-06,175.90M,12.03B,0,0,469.70M,568.70M,1.577B,2.40M,229.50M,50.90M,2.119B,729.60M,9.423B,152.05B,4.60M,2.744B,265.30M,142.56B,64.66B,2.146B,729.60M,2.40M,1.097B
PFG,2012-03,488.10M,1.652B,101.20M,0,0.68,0.68,1.385B,2012-03,212.10M,12.18B,0,0,476.70M,492.80M,1.571B,2.90M,278.00M,56.70M,2.096B,555.10M,9.365B,153.74B,4.60M,2.771B,104.10M,143.99B,64.94B,2.064B,555.10M,2.90M,1.119B
PFG,2011-12,258.00M,51.92B,105.20M,0,0.44,0.44,1.373B,2011-12,142.40M,11.61B,0,0,457.20M,208.70M,1.565B,3.10M,150.00M,8.00M,2.059B,717.90M,9.018B,147.36B,4.60M,53.11B,108.30M,137.99B,64.84B,1.796B,772.20M,3.10M,1.196B
PFG,2011-09,409.20M,1.434B,73.80M,0,0.23,0.23,1.287B,2011-09,80.10M,11.74B,0,0,448.20M,707.90M,1.570B,2.80M,151.10M,76.60M,2.094B,0,9.980B,143.30B,4.60M,2.672B,76.60M,133.01B,64.35B,2.278B,737.70M,2.80M,1.237B
PFG,2011-06,698.80M,2.170B,107.90M,0,0.68,0.67,1.173B,2011-06,225.60M,11.70B,0,0,448.50M,779.80M,1.582B,2.50M,310.20M,61.00M,2.296B,0,10.40B,149.28B,4.60M,3.531B,110.40M,138.61B,64.94B,2.362B,717.90M,2.50M,1.362B
PFG,2011-03,525.50M,1.984B,106.80M,0,0.57,0.56,1.174B,2011-03,190.20M,11.79B,0,0,448.70M,542.70M,1.580B,3.60M,261.50M,52.70M,2.222B,0,10.19B,147.55B,4.60M,3.294B,110.40M,137.18B,63.61B,2.122B,0,3.60M,1.310B
