Ticker,Date,Accrued Comprehensive Inc,Cash and Short Term Investments,Cost of Goods Sold,Current Debt & Capital Lease Obligation,EPS Basic,EPS Diluted,Goodwill and Intangibles,Gross PP&E,Gross Profit,Income (Quarterly),Inventories,Net Income,Net Non-Operating Interest Income Expense,Net Operating Interest Income,Net PP&E,Non-Current Deferred Liabilities,Non-Current Portion of LTD and Capital Lease Obligation,Operating Income,Payables and Accrued Expenses,Pre-Tax Income,Provision for Income Taxes,Revenue,SG&A Expense,Shareholders Equity,Total Assets,Total Capital Stock,Total Current Assets,Total Current Liabilities,Total Liabilities,Total Long Term Assets,Total Long Term Liabilities,Total Operating Expenses,Total Payables,Total Receivables
PH,2020-12,-2.131B,608.05M,2.520B,610.91M,3.47,3.41,11.80B,6.027B,892.36M,2020-12,1.871B,447.31M,-62.99M,-62.99M,2.302B,420.70M,6.602B,535.79M,2.596B,576.51M,129.02M,3.412B,356.57M,7.106B,19.83B,90.52M,4.800B,3.207B,12.71B,15.03B,9.498B,356.57M,1.562B,2.129B
PH,2020-09,-2.388B,775.86M,2.384B,884.45M,2.5,2.47,11.72B,5.902B,846.21M,2020-09,1.796B,321.41M,-63.96M,-63.96M,2.293B,413.89M,7.058B,476.36M,2.444B,415.30M,93.58M,3.231B,369.85M,6.529B,19.79B,90.52M,4.869B,3.328B,13.24B,14.92B,9.913B,369.85M,1.461B,2.134B
PH,2020-06,-2.559B,756.32M,2.357B,809.53M,2.3,2.27,11.67B,5.811B,803.28M,2020-06,1.815B,295.72M,-43.55M,-43.55M,2.293B,382.53M,7.652B,450.49M,2.339B,370.57M,74.87M,3.161B,352.79M,6.114B,19.74B,90.52M,4.885B,3.148B,13.61B,14.85B,10.46B,352.79M,1.307B,2.099B
PH,2020-03,-2.195B,790.15M,2.767B,1.035B,2.86,2.83,11.71B,5.750B,935.74M,2020-03,2.011B,367.25M,-80.76M,-80.76M,2.297B,497.92M,8.098B,522.28M,2.638B,454.16M,86.79M,3.702B,413.46M,6.296B,20.37B,90.52M,5.481B,3.674B,14.06B,14.88B,10.38B,413.46M,1.573B,2.497B
PH,2019-12,-1.946B,1.093B,2.683B,1.604B,1.59,1.57,11.99B,5.818B,815.21M,2019-12,2.014B,204.47M,-82.89M,-82.89M,2.336B,569.58M,8.141B,324.09M,2.487B,254.75M,50.15M,3.498B,491.12M,6.330B,21.04B,90.52M,5.661B,4.091B,14.70B,15.38B,10.61B,491.12M,1.477B,2.292B
PH,2019-09,-2.131B,3.909B,2.480B,1.737B,2.64,2.6,8.512B,5.271B,854.77M,2019-09,1.790B,338.90M,-51.96M,-51.96M,1.880B,178.45M,7.367B,455.59M,2.421B,433.16M,94.12M,3.335B,399.18M,6.097B,19.57B,90.52M,8.138B,4.157B,13.47B,11.43B,9.308B,399.18M,1.476B,2.272B
PH,2019-06,-2.059B,3.371B,2.740B,587.01M,3.22,3.17,7.237B,5.187B,941.89M,2019-06,1.678B,413.67M,-32.07M,-32.07M,1.768B,193.07M,6.521B,550.40M,2.565B,513.35M,99.61M,3.681B,391.49M,5.962B,17.58B,90.52M,7.673B,3.152B,11.61B,9.904B,8.457B,391.49M,1.580B,2.442B
PH,2019-03,-1.729B,1.169B,2.767B,1.017B,3.2,3.14,7.294B,5.189B,920.77M,2019-03,1.756B,411.25M,-48.21M,-48.21M,1.780B,277.21M,4.284B,559.91M,2.532B,529.20M,117.82M,3.688B,360.86M,6.010B,15.48B,90.52M,5.538B,3.549B,9.462B,9.940B,5.913B,360.86M,1.610B,2.435B
PH,2018-12,-1.795B,1.078B,2.602B,1.144B,2.39,2.36,7.346B,5.192B,869.71M,2018-12,1.805B,311.74M,-47.52M,-47.52M,1.794B,286.62M,4.303B,472.45M,2.365B,431.15M,119.24M,3.472B,397.26M,5.815B,15.31B,90.52M,5.335B,3.509B,9.487B,9.973B,5.978B,397.26M,1.490B,2.263B
PH,2018-09,-1.776B,992.91M,2.595B,796.86M,2.84,2.79,7.441B,5.208B,884.47M,2018-09,1.763B,375.71M,-44.34M,-44.34M,1.828B,265.42M,4.313B,490.15M,2.512B,459.72M,83.82M,3.479B,394.32M,6.101B,15.43B,90.52M,5.298B,3.309B,9.318B,10.13B,6.009B,394.32M,1.643B,2.377B
PH,2018-06,-1.763B,855.13M,2.830B,638.47M,2.66,2.62,7.520B,5.215B,987.28M,2018-06,1.621B,353.26M,-53.04M,-53.04M,1.856B,234.86M,4.319B,569.07M,2.559B,497.93M,144.60M,3.817B,418.21M,5.860B,15.32B,90.52M,5.085B,3.197B,9.455B,10.23B,6.257B,418.21M,1.629B,2.474B
PH,2018-03,-1.649B,1.191B,2.820B,1.056B,2.75,2.7,7.881B,5.363B,929.79M,2018-03,1.733B,365.99M,-54.14M,-54.14M,1.942B,113.80M,4.819B,513.33M,2.453B,469.83M,103.70M,3.750B,416.46M,5.870B,16.24B,90.52M,5.563B,3.509B,10.36B,10.67B,6.853B,416.46M,1.556B,2.475B
PH,2017-12,-1.768B,1.133B,2.564B,1.248B,0.42,0.41,7.873B,5.301B,806.22M,2017-12,1.780B,56.16M,-53.13M,-53.13M,1.937B,137.20M,4.798B,397.89M,2.289B,360.22M,303.90M,3.371B,408.34M,5.513B,15.97B,90.52M,5.286B,3.538B,10.45B,10.68B,6.908B,408.34M,1.393B,2.171B
PH,2017-09,-1.825B,974.56M,2.523B,1.144B,2.14,2.1,7.895B,5.293B,841.36M,2017-09,1.707B,285.40M,-53.56M,-53.56M,1.963B,212.33M,4.788B,444.37M,2.323B,374.30M,88.77M,3.365B,396.98M,5.525B,15.73B,90.52M,5.005B,3.467B,10.20B,10.73B,6.733B,396.98M,1.478B,2.189B
PH,2017-06,-1.924B,924.20M,2.585B,1.008B,2.2,2.15,7.894B,5.187B,911.49M,2017-06,1.549B,293.30M,-52.79M,-52.79M,1.937B,221.79M,4.862B,550.25M,2.387B,400.61M,107.25M,3.496B,361.24M,5.262B,15.49B,90.52M,4.780B,3.396B,10.22B,10.71B,6.827B,361.24M,1.454B,2.186B
PH,2017-03,-2.293B,856.32M,2.384B,776.16M,1.79,1.75,7.847B,5.131B,735.35M,2017-03,1.539B,238.67M,-42.06M,-42.06M,1.946B,159.67M,5.255B,343.31M,2.272B,315.06M,76.22M,3.119B,392.04M,4.742B,15.33B,90.52M,4.619B,3.048B,10.58B,10.71B,7.529B,392.04M,1.368B,2.105B
PH,2016-12,-2.411B,2.205B,2.044B,581.49M,1.81,1.78,3.663B,4.654B,626.32M,2016-12,1.242B,241.30M,-33.44M,-33.44M,1.506B,50.81M,2.654B,289.74M,1.844B,320.72M,79.32M,2.671B,336.58M,4.528B,11.73B,90.52M,5.248B,2.425B,7.201B,6.484B,4.775B,336.58M,1.123B,1.668B
PH,2016-09,-2.185B,2.141B,2.106B,595.96M,1.57,1.55,3.813B,4.762B,637.12M,2016-09,1.248B,210.13M,-34.15M,-34.15M,1.563B,55.08M,2.653B,314.16M,1.898B,292.24M,82.01M,2.743B,322.97M,4.647B,11.97B,90.52M,5.282B,2.494B,7.320B,6.689B,4.826B,322.97M,1.131B,1.749B
PH,2016-06,-2.228B,2.104B,2.272B,361.79M,1.8,1.77,3.826B,4.737B,684.70M,2016-06,1.173B,241.80M,-32.72M,-32.72M,1.568B,54.40M,2.652B,346.12M,2.004B,336.21M,94.30M,2.957B,338.57M,4.575B,12.03B,90.52M,5.208B,2.366B,7.455B,6.826B,5.090B,338.57M,1.162B,1.826B
PH,2016-03,-1.726B,2.105B,2.209B,576.62M,1.39,1.37,3.909B,4.777B,619.26M,2016-03,1.248B,187.08M,-33.74M,-33.74M,1.599B,80.45M,2.675B,283.36M,1.924B,272.99M,85.85M,2.829B,335.91M,5.024B,12.07B,90.52M,5.457B,2.501B,7.042B,6.613B,4.542B,335.91M,1.122B,1.833B
PH,2015-12,-1.885B,1.868B,2.141B,574.30M,1.35,1.33,3.889B,4.775B,564.97M,2015-12,1.280B,182.98M,-34.30M,-34.30M,1.598B,76.40M,2.725B,250.30M,1.794B,229.88M,46.74M,2.706B,314.67M,4.799B,11.75B,90.52M,5.151B,2.368B,6.951B,6.603B,4.583B,314.67M,1.058B,1.714B
PH,2015-09,-1.822B,1.790B,2.201B,630.65M,1.42,1.41,3.951B,4.835B,668.44M,2015-09,1.320B,194.98M,-35.76M,-35.76M,1.633B,78.02M,2.725B,298.23M,1.919B,275.65M,80.62M,2.869B,370.21M,4.852B,12.00B,90.52M,5.328B,2.550B,7.147B,6.674B,4.597B,370.21M,1.145B,1.877B
PH,2015-06,-1.739B,1.914B,2.421B,223.14M,1.29,1.27,3.956B,4.863B,723.73M,2015-06,1.300B,179.45M,-34.80M,-34.80M,1.664B,63.22M,2.724B,331.93M,2.126B,303.97M,124.39M,3.145B,391.80M,5.104B,12.28B,90.52M,5.441B,2.349B,7.172B,6.838B,4.823B,391.80M,1.231B,1.985B
PH,2015-03,-1.638B,2.031B,2.373B,665.12M,2.06,2.02,3.915B,4.807B,789.30M,2015-03,1.388B,285.34M,-35.00M,-35.00M,1.644B,78.28M,2.725B,416.99M,2.102B,388.37M,102.90M,3.162B,372.31M,5.152B,12.34B,90.52M,5.785B,2.767B,7.182B,6.552B,4.415B,372.31M,1.280B,2.025B
PH,2014-12,-1.290B,1.962B,2.402B,242.04M,1.84,1.8,4.103B,4.962B,733.41M,2014-12,1.454B,267.25M,-27.64M,-27.64M,1.716B,86.61M,2.726B,353.60M,2.097B,343.27M,75.93M,3.135B,379.80M,5.757B,12.57B,90.52M,5.728B,2.339B,6.808B,6.841B,4.469B,379.80M,1.280B,2.001B
PH,2014-09,-1.099B,2.038B,2.460B,702.02M,1.88,1.85,4.199B,5.031B,810.07M,2014-09,1.441B,280.09M,-20.96M,-20.96M,1.755B,89.04M,1.482B,409.23M,2.186B,396.64M,116.46M,3.270B,400.84M,6.579B,12.74B,90.52M,5.876B,2.888B,6.162B,6.868B,3.274B,400.84M,1.352B,2.133B
PH,2014-06,-823.50M,2.187B,2.686B,816.62M,2.02,1.98,4.360B,5.153B,839.46M,2014-06,1.372B,301.04M,-20.16M,-20.16M,1.824B,94.82M,1.508B,418.28M,2.436B,407.82M,106.65M,3.525B,421.18M,6.659B,13.27B,90.52M,6.072B,3.253B,6.612B,7.203B,3.359B,421.18M,1.476B,2.247B
PH,2014-03,-847.08M,2.096B,2.606B,1.079B,1.63,1.6,4.375B,5.152B,752.51M,2014-03,1.449B,242.41M,-20.59M,-20.59M,1.828B,111.51M,1.509B,345.27M,2.288B,329.49M,86.97M,3.358B,407.24M,6.451B,13.10B,90.52M,5.949B,3.367B,6.648B,7.153B,3.281B,407.24M,1.355B,2.098B
PH,2013-12,-873.15M,2.140B,2.420B,1.217B,1.7,1.66,4.382B,5.112B,686.04M,2013-12,1.449B,253.29M,-20.85M,-20.85M,1.820B,112.56M,1.507B,287.40M,2.086B,495.32M,241.91M,3.106B,398.64M,6.295B,12.86B,90.52M,5.745B,3.303B,6.566B,7.119B,3.263B,398.64M,1.247B,1.862B
PH,2013-09,-922.91M,1.946B,2.476B,1.335B,1.64,1.61,4.566B,5.098B,749.74M,2013-09,1.465B,244.32M,-20.96M,-20.96M,1.834B,107.00M,1.507B,342.80M,2.120B,324.09M,79.77M,3.226B,406.93M,6.087B,12.79B,90.52M,5.679B,3.455B,6.699B,7.109B,3.244B,406.93M,1.311B,1.968B
PH,2013-06,-1.108B,1.781B,2.618B,1.334B,1.82,1.78,4.514B,4.999B,810.17M,2013-06,1.377B,271.16M,-20.78M,-20.78M,1.808B,102.92M,1.496B,397.10M,2.186B,373.76M,102.63M,3.428B,413.06M,5.738B,12.54B,90.52M,5.531B,3.520B,6.799B,7.010B,3.279B,413.06M,1.292B,2.063B
PH,2013-03,-1.276B,1.677B,2.569B,1.528B,1.72,1.68,4.544B,5.013B,737.85M,2013-03,1.473B,256.56M,-23.05M,-23.05M,1.830B,127.16M,1.496B,358.16M,2.121B,338.55M,81.96M,3.307B,379.69M,5.409B,12.67B,90.52M,5.439B,3.649B,7.259B,7.233B,3.611B,379.69M,1.282B,2.017B
PH,2012-12,-1.187B,497.64M,2.422B,510.01M,1.21,1.19,4.663B,5.027B,643.52M,2012-12,1.515B,180.96M,-24.22M,-24.22M,1.845B,128.89M,1.509B,262.42M,1.978B,262.63M,81.52M,3.065B,381.10M,5.326B,11.46B,90.52M,4.096B,2.488B,6.132B,7.366B,3.644B,381.10M,1.168B,1.802B
PH,2012-09,-1.282B,436.13M,2.477B,264.58M,1.61,1.57,4.270B,4.993B,737.49M,2012-09,1.490B,239.74M,-23.51M,-23.51M,1.803B,112.53M,1.512B,356.37M,1.759B,336.06M,96.11M,3.215B,381.12M,5.141B,11.13B,90.52M,4.200B,2.366B,5.983B,6.934B,3.616B,381.12M,1.163B,1.983B
PH,2012-06,-1.416B,838.32M,2.572B,225.59M,2.01,1.96,4.021B,4.849B,839.41M,2012-06,1.401B,301.96M,-23.49M,-23.49M,1.720B,88.09M,1.504B,452.73M,2.260B,425.34M,123.04M,3.412B,386.68M,4.897B,11.17B,90.52M,4.498B,2.486B,6.265B,6.672B,3.779B,386.68M,1.348B,1.992B
PH,2012-03,-599.16M,773.46M,2.590B,273.91M,2.07,2.01,4.023B,4.876B,803.25M,2012-03,1.429B,312.07M,-22.31M,-22.31M,1.722B,141.47M,1.515B,425.77M,1.802B,400.83M,88.14M,3.394B,377.48M,5.578B,10.89B,90.52M,4.497B,2.489B,5.303B,6.392B,2.813B,377.48M,1.149B,2.062B
PH,2011-12,-765.35M,487.98M,2.381B,78.38M,1.59,1.56,3.980B,4.794B,725.51M,2011-12,1.453B,240.77M,-23.77M,-23.77M,1.691B,147.12M,1.659B,356.82M,1.714B,338.95M,96.60M,3.107B,368.69M,5.158B,10.33B,90.52M,4.043B,2.120B,5.072B,6.285B,2.952B,368.69M,1.070B,1.828B
PH,2011-09,-723.52M,424.35M,2.414B,78.55M,1.95,1.91,4.020B,4.804B,819.44M,2011-09,1.456B,297.02M,-23.22M,-23.22M,1.713B,149.02M,1.669B,432.97M,1.822B,411.58M,113.43M,3.234B,386.47M,5.017B,10.32B,90.52M,3.999B,2.236B,5.208B,6.322B,2.972B,386.47M,1.120B,1.881B
PH,2011-06,-450.99M,657.47M,2.591B,75.27M,1.83,1.79,4.187B,4.945B,819.06M,2011-06,1.412B,292.19M,-24.82M,-24.82M,1.797B,160.04M,1.691B,405.62M,1.849B,381.39M,86.74M,3.410B,413.44M,5.384B,10.89B,90.52M,4.305B,2.391B,5.398B,6.582B,3.007B,413.44M,1.174B,1.978B
PH,2011-03,-737.41M,1.108B,2.463B,173.23M,1.72,1.68,4.167B,4.878B,777.02M,2011-03,1.391B,279.59M,-24.62M,-24.62M,1.788B,159.78M,1.684B,401.95M,2.167B,389.72M,108.07M,3.240B,375.07M,5.482B,11.38B,90.52M,4.691B,2.340B,5.793B,6.686B,3.453B,375.07M,1.085B,1.951B
