Ticker,Date,Accrued Comprehensive Inc,Cash and Short Term Investments,Cost of Goods Sold,Current Debt & Capital Lease Obligation,Current Deferred Liabilities,EPS Basic,EPS Diluted,Goodwill and Intangibles,Gross PP&E,Gross Profit,Income (Quarterly),Inventories,Net Income,Net Non-Operating Interest Income Expense,Net Operating Interest Income,Net PP&E,Non-Current Deferred Liabilities,Non-Current Portion of LTD and Capital Lease Obligation,Operating Income,Payables and Accrued Expenses,Pre-Tax Income,Provision for Income Taxes,Revenue,SG&A Expense,Shareholders Equity,Total Assets,Total Capital Stock,Total Current Assets,Total Current Liabilities,Total Liabilities,Total Long Term Assets,Total Long Term Liabilities,Total Operating Expenses,Total Payables,Total Receivables
PHM,2020-12,-0.145M,3.147B,2.383B,11.97M,449.47M,1.62,1.62,163.42M,431.82M,808.94M,2020-12,7.722B,438.11M,0.587M,0.587M,203.02M,103.55M,3.255B,524.24M,1.514B,523.75M,85.64M,3.192B,279.66M,6.570B,12.21B,2.665M,11.64B,1.976B,5.636B,568.14M,3.660B,284.70M,511.32M,270.04M
PHM,2020-09,-0.17M,2.467B,2.195B,25.16M,403.65M,1.54,1.54,168.47M,400.64M,759.91M,2020-09,7.615B,416.40M,0.666M,0.666M,181.74M,0,3.028B,483.61M,1.693B,484.17M,67.77M,2.955B,271.26M,6.240B,11.37B,2.682M,10.16B,2.097B,5.125B,1.208B,3.028B,276.30M,358.05M,250.43M
PHM,2020-06,-0.195M,2.053B,1.935B,50.28M,335.04M,1.29,1.29,173.51M,302.24M,659.15M,2020-06,7.585B,348.62M,-1.674M,-1.674M,92.94M,0,3.027B,457.25M,1.745B,457.01M,108.39M,2.594B,196.86M,5.852B,10.96B,2.682M,9.706B,2.080B,5.107B,1.252B,3.027B,201.90M,441.98M,347.40M
PHM,2020-03,-0.22M,2.181B,1.745B,0,344.97M,0.75,0.74,178.55M,0,550.15M,2020-03,7.858B,203.71M,3.01M,3.01M,0,0,3.726B,281.93M,1.822B,263.77M,60.06M,2.295B,263.67M,5.530B,11.42B,2.681M,10.10B,2.167B,5.893B,1.319B,3.726B,268.23M,502.27M,0
PHM,2019-12,-0.245M,1.727B,2.316B,0,294.43M,1.23,1.22,124.99M,0,701.39M,2019-12,7.681B,335.80M,3.618M,3.618M,0,0,3.183B,436.25M,1.483B,435.95M,100.15M,3.017B,261.55M,5.458B,10.72B,2.702M,10.14B,1.803B,5.257B,577.46M,3.455B,265.15M,435.92M,0
PHM,2019-09,-0.27M,1.121B,2.068B,0,333.67M,0.99,0.99,128.59M,0,641.88M,2019-09,7.830B,273.10M,3.407M,3.407M,0,0,2.994B,367.65M,1.756B,366.15M,93.04M,2.710B,270.62M,5.182B,10.26B,2.71M,9.017B,2.089B,5.083B,1.247B,2.994B,274.22M,428.47M,0
PHM,2019-06,-0.295M,975.04M,1.905B,0,334.48M,0.86,0.86,132.19M,0,583.72M,2019-06,7.802B,241.04M,4.325M,4.325M,0,0,2.975B,320.72M,1.717B,320.78M,79.74M,2.489B,259.44M,5.070B,10.10B,2.75M,8.844B,2.051B,5.026B,1.252B,2.975B,262.99M,408.28M,0
PHM,2019-03,-0.32M,1.382B,1.526B,0,294.55M,0.59,0.59,123.74M,0,470.40M,2019-03,7.507B,166.76M,4.805M,4.805M,0,0,3.247B,214.23M,1.733B,216.70M,49.95M,1.997B,252.73M,4.933B,10.21B,2.771M,8.954B,2.027B,5.274B,1.253B,3.247B,256.18M,462.43M,0
PHM,2018-12,-0.345M,1.571B,2.370B,0,254.62M,0.84,0.84,127.19M,0,628.90M,2018-12,7.253B,237.65M,4.195M,4.195M,0,0,3.376B,333.14M,1.434B,329.49M,91.84M,2.999B,292.32M,4.818B,10.17B,2.771M,9.583B,1.738B,5.355B,590.23M,3.617B,295.77M,363.61M,0
PHM,2018-09,-0.37M,1.078B,2.008B,0,342.38M,1.01,1.01,130.64M,0,640.93M,2018-09,7.489B,289.54M,1.69M,1.69M,0,0,3.256B,384.73M,1.728B,384.69M,95.15M,2.649B,252.76M,4.729B,10.06B,2.821M,8.664B,2.070B,5.326B,1.391B,3.256B,256.21M,476.16M,0
PHM,2018-06,-0.395M,736.72M,1.933B,34.64M,354.97M,1.12,1.12,134.09M,277.21M,637.18M,2018-06,7.500B,324.09M,0.67M,0.67M,70.71M,0,3.270B,407.68M,1.664B,409.17M,85.08M,2.570B,226.06M,4.527B,9.816B,2.843M,8.349B,2.019B,5.289B,1.466B,3.270B,229.51M,421.81M,313.45M
PHM,2018-03,-0.424M,536.27M,1.504B,35.11M,308.86M,0.59,0.59,137.54M,270.34M,466.39M,2018-03,7.465B,170.75M,0.421M,0.421M,77.44M,0,3.335B,222.05M,1.788B,224.19M,53.44M,1.970B,240.89M,4.275B,9.706B,2.859M,8.105B,2.097B,5.432B,1.602B,3.335B,244.34M,561.97M,436.44M
PHM,2017-12,-0.445M,843.28M,2.181B,0,250.78M,0.26,0.26,140.99M,0,614.32M,2017-12,7.147B,77.41M,0.488M,0.488M,0,0,3.445B,409.26M,1.596B,408.77M,331.35M,2.795B,201.61M,4.154B,9.687B,2.868M,8.731B,1.881B,5.533B,956.02M,3.651B,205.06M,480.74M,0
PHM,2017-09,-0.465M,522.97M,1.619B,0,306.64M,0.59,0.58,144.44M,0,512.03M,2017-09,7.370B,177.54M,0.384M,0.384M,0,0,3.439B,271.08M,1.881B,268.25M,90.71M,2.131B,237.50M,4.345B,9.971B,2.94M,8.028B,2.187B,5.626B,1.943B,3.439B,240.94M,441.48M,0
PHM,2017-06,-0.485M,573.14M,1.666B,0,290.89M,0.32,0.32,147.89M,0,355.85M,2017-06,7.090B,100.75M,0.465M,0.465M,0,0,3.264B,136.18M,1.814B,122.55M,21.80M,2.022B,216.21M,4.444B,9.813B,3.037M,7.800B,2.105B,5.369B,2.013B,3.264B,219.66M,407.69M,0
PHM,2017-03,-0.505M,743.14M,1.249B,0,240.74M,0.29,0.28,151.34M,0,380.60M,2017-03,7.028B,91.52M,0.696M,0.696M,0,0,3.250B,140.89M,1.770B,139.26M,47.75M,1.630B,236.27M,4.660B,9.921B,3.161M,7.846B,2.010B,5.261B,2.075B,3.250B,239.72M,409.12M,0
PHM,2016-12,-0.526M,1.238B,1.865B,0,187.89M,0.83,0.83,154.79M,0,635.84M,2016-12,6.771B,273.17M,0.417M,0.417M,0,0,3.461B,424.74M,1.645B,413.72M,140.55M,2.501B,207.65M,4.659B,10.18B,3.191M,8.804B,1.868B,5.519B,1.374B,3.651B,211.10M,440.32M,0
PHM,2016-09,-0.548M,783.22M,1.456B,0,248.30M,0.37,0.37,158.24M,0,486.87M,2016-09,6.950B,128.47M,0.722M,0.722M,0,0,3.269B,232.50M,1.682B,212.34M,83.86M,1.943B,250.91M,4.672B,9.872B,3.324M,7.818B,1.931B,5.200B,2.054B,3.269B,254.36M,411.98M,0
PHM,2016-06,-0.568M,593.19M,1.341B,0,252.26M,0.34,0.34,161.37M,0,458.76M,2016-06,6.629B,117.76M,0.663M,0.663M,0,0,2.793B,199.04M,1.644B,189.58M,71.82M,1.800B,256.27M,4.818B,9.507B,3.438M,7.335B,1.896B,4.689B,2.172B,2.793B,259.72M,374.83M,0
PHM,2016-03,-0.588M,1.286B,1.066B,0,223.69M,0.24,0.24,163.18M,0,366.40M,2016-03,6.202B,83.30M,0.749M,0.749M,0,0,3.186B,120.64M,1.660B,118.21M,34.91M,1.433B,242.32M,4.774B,9.843B,3.463M,7.596B,1.884B,5.070B,2.247B,3.186B,245.77M,365.39M,0
PHM,2015-12,-0.609M,1.197B,1.351B,46.38M,186.14M,0.65,0.64,110.22M,272.11M,710.98M,2015-12,5.450B,228.03M,0.459M,0.459M,86.31M,0,2.378B,363.82M,1.634B,373.32M,145.29M,2.062B,343.94M,4.759B,9.189B,3.491M,7.519B,1.866B,4.430B,1.671B,2.564B,347.16M,416.34M,497.63M
PHM,2015-09,-0.627M,1.005B,1.147B,58.22M,241.05M,0.31,0.3,113.44M,102.55M,359.97M,2015-09,5.241B,107.77M,0.301M,0.301M,102.55M,0,2.192B,197.38M,1.797B,179.28M,71.51M,1.507B,159.36M,4.572B,8.802B,3.492M,6.357B,2.038B,4.230B,2.445B,2.192B,162.59M,423.40M,176.49M
PHM,2015-06,-0.648M,729.90M,979.36M,124.96M,217.32M,0.28,0.28,116.66M,98.26M,300.93M,2015-06,4.889B,103.32M,0.648M,0.648M,98.26M,0,1.703B,167.59M,1.632B,167.63M,64.30M,1.280B,130.12M,4.606B,8.158B,3.548M,5.724B,1.849B,3.552B,2.434B,1.703B,133.34M,339.21M,172.86M
PHM,2015-03,-0.669M,1.280B,877.06M,0,177.76M,0.15,0.15,119.89M,62.26M,256.23M,2015-03,4.633B,54.97M,0.912M,0.912M,62.26M,0,1.888B,91.70M,1.626B,95.80M,40.83M,1.133B,161.31M,4.742B,8.433B,3.654M,6.018B,1.804B,3.691B,2.415B,1.888B,164.54M,318.51M,0
PHM,2014-12,-0.69M,1.632B,1.204B,0,142.64M,0.58,0.58,123.12M,267.42M,618.18M,2014-12,4.392B,217.09M,0.977M,0.977M,75.22M,0,1.981B,275.36M,1.375B,267.12M,50.03M,1.823B,339.60M,4.805B,8.569B,3.695M,6.518B,1.575B,3.764B,2.051B,2.189B,342.82M,348.92M,0
PHM,2014-09,-0.713M,1.458B,1.222B,0,192.55M,0.37,0.37,126.34M,16.82M,373.19M,2014-09,4.432B,140.54M,0.995M,0.995M,16.82M,0,1.889B,222.80M,1.823B,224.93M,84.38M,1.595B,147.14M,4.710B,8.615B,3.738M,6.008B,2.016B,3.904B,2.606B,1.889B,150.39M,495.22M,0
PHM,2014-06,-0.734M,1.393B,981.64M,0,206.99M,0.11,0.11,129.60M,27.29M,304.55M,2014-06,4.197B,41.88M,0.912M,0.912M,27.29M,0,1.874B,71.51M,1.748B,67.68M,25.80M,1.286B,229.77M,4.638B,8.467B,3.764M,5.772B,1.955B,3.829B,2.696B,1.874B,233.04M,447.06M,0
PHM,2014-03,-0.755M,1.478B,836.94M,0,168.57M,0.19,0.19,132.87M,22.20M,281.96M,2014-03,4.034B,74.82M,0.898M,0.898M,22.20M,0,1.850B,133.80M,1.669B,130.03M,55.21M,1.119B,144.89M,4.664B,8.351B,3.792M,5.661B,1.837B,3.687B,2.691B,1.850B,148.16M,411.04M,0
PHM,2013-12,-0.795M,1.868B,1.273B,0,134.86M,0.58,0.57,136.15M,259.08M,382.10M,2013-12,3.979B,220.05M,0.906M,0.906M,77.08M,0,2.171B,229.12M,1.394B,232.42M,12.37M,1.655B,149.71M,4.649B,8.734B,3.813M,6.311B,1.654B,4.085B,2.423B,2.431B,152.98M,408.75M,0
PHM,2013-09,-0.719M,1.647B,1.253B,0,173.66M,5.92,5.87,139.42M,27.61M,328.76M,2013-09,4.151B,2.282B,0.865M,0.865M,27.61M,0,2.172B,186.85M,1.857B,174.72M,-2.107B,1.582B,138.64M,4.492B,8.694B,3.831M,5.932B,2.030B,4.202B,2.761B,2.172B,141.91M,410.97M,0
PHM,2013-06,-0.796M,1.450B,1.035B,164.28M,167.08M,0.09,0.09,142.70M,33.75M,244.86M,2013-06,4.183B,36.42M,0.946M,0.946M,33.75M,0,2.142B,91.05M,1.815B,38.33M,1.913M,1.279B,150.53M,2.328B,6.452B,3.884M,5.790B,1.982B,4.124B,662.73M,2.142B,153.81M,408.40M,155.19M
PHM,2013-03,-0.944M,1.831B,946.08M,128.33M,126.07M,0.21,0.21,145.97M,38.99M,216.68M,2013-03,4.113B,81.76M,0.966M,0.966M,38.99M,0,2.568B,83.78M,1.771B,82.35M,0.588M,1.163B,129.63M,2.276B,6.741B,3.875M,6.103B,1.897B,4.466B,638.49M,2.568B,132.90M,373.56M,172.08M
PHM,2012-12,-0.992M,1.724B,1.334B,0,101.18M,0.15,0.15,149.25M,265.35M,233.36M,2012-12,4.214B,58.74M,1.128M,1.128M,75.25M,0,2.648B,88.32M,1.416B,51.21M,-7.529M,1.567B,141.77M,2.190B,6.734B,3.866M,6.401B,1.682B,4.545B,333.57M,2.863B,145.04M,377.14M,0
PHM,2012-09,-1.133M,1.564B,1.065B,0,122.14M,0.31,0.3,152.52M,129.52M,237.25M,2012-09,4.471B,116.63M,1.018M,1.018M,129.52M,0,3.103B,108.78M,1.794B,105.91M,-10.73M,1.303B,125.19M,2.122B,7.141B,3.862M,6.111B,1.916B,5.019B,1.030B,3.103B,128.47M,412.61M,0
PHM,2012-06,-1.191M,1.310B,897.32M,0,117.32M,0.11,0.11,155.80M,149.83M,172.09M,2012-06,4.552B,42.44M,0.966M,0.966M,149.83M,0,3.094B,44.63M,1.767B,39.93M,-2.51M,1.069B,124.19M,1.975B,6.953B,3.837M,5.949B,1.884B,4.978B,1.004B,3.094B,127.46M,426.73M,0
PHM,2012-03,-1.249M,1.212B,767.57M,0,71.58M,-0.03,-0.03,159.07M,162.35M,113.46M,2012-03,4.584B,-11.67M,0.982M,0.982M,162.35M,0,3.091B,-13.12M,1.768B,-13.49M,-1.825M,881.04M,123.31M,1.929B,6.859B,3.836M,5.886B,1.840B,4.931B,973.42M,3.091B,126.59M,385.76M,0
PHM,2011-12,-1.306M,1.341B,1.138B,0,46.96M,0.04,0.04,162.35M,281.49M,124.14M,2011-12,4.636B,13.82M,1.028M,1.028M,78.09M,0,3.088B,3.662M,1.473B,-9.075M,-22.90M,1.262B,117.20M,1.939B,6.886B,3.826M,6.535B,1.648B,4.947B,350.93M,3.299B,120.48M,399.76M,0
PHM,2011-09,-1.433M,1.143B,964.19M,0,0,-0.34,-0.34,165.62M,134.56M,177.74M,2011-09,4.890B,-129.30M,0.80M,0.80M,134.56M,0,3.335B,52.92M,1.891B,-202.50M,-73.20M,1.142B,121.55M,1.923B,7.229B,3.828M,6.162B,1.970B,5.305B,1.067B,3.335B,124.83M,446.08M,0
PHM,2011-06,-1.497M,1.075B,832.52M,0,0,-0.15,-0.15,409.44M,128.16M,94.69M,2011-06,4.905B,-55.38M,0.828M,0.828M,128.16M,0,3.332B,-46.96M,1.959B,-53.33M,2.052M,927.21M,138.38M,2.050B,7.426B,3.828M,6.122B,2.044B,5.376B,1.303B,3.332B,141.66M,510.86M,0
PHM,2011-03,-1.561M,1.293B,706.43M,0,0,-0.1,-0.1,412.71M,96.69M,98.77M,2011-03,4.767B,-39.53M,1.086M,1.086M,96.69M,0,3.381B,-46.95M,1.969B,-45.39M,-5.866M,805.20M,142.45M,2.100B,7.517B,3.828M,6.206B,2.036B,5.416B,1.311B,3.381B,145.72M,495.67M,0
