Ticker,Date,Accrued Comprehensive Inc,Cash and Short Term Investments,Cost of Goods Sold,Current Debt & Capital Lease Obligation,Current Deferred Liabilities,EPS Basic,EPS Diluted,Goodwill and Intangibles,Gross PP&E,Gross Profit,Income (Quarterly),Inventories,Net Income,Net Non-Operating Interest Income Expense,Net Operating Interest Income,Net PP&E,Non-Current Deferred Liabilities,Non-Current Portion of LTD and Capital Lease Obligation,Operating Income,Payables and Accrued Expenses,Pre-Tax Income,Provision for Income Taxes,Revenue,SG&A Expense,Shareholders Equity,Total Assets,Total Capital Stock,Total Current Assets,Total Current Liabilities,Total Liabilities,Total Long Term Assets,Total Long Term Liabilities,Total Operating Expenses,Total Payables,Total Receivables
PM,2021-03,-11.18B,3.902B,2.274B,2.122B,0,1.55,1.55,7.72B,14.91B,5.311B,2021-03,9.591B,2.418B,-167.00M,-167.00M,5.952B,511.00M,27.28B,3.416B,15.06B,3.249B,697.00M,7.585B,1.877B,-11.55B,39.80B,0,17.91B,15.22B,49.38B,21.89B,34.16B,1.895B,12.15B,3.761B
PM,2020-12,-10.57B,7.28B,2.572B,3.368B,0,1.27,1.27,7.983B,14.29B,4.872B,2020-12,8.16B,1.976B,-164.00M,-164.00M,6.365B,684.00M,28.17B,2.876B,12.40B,2.712B,613.00M,7.444B,1.978B,-12.57B,44.82B,0,21.49B,19.62B,55.45B,23.32B,35.83B,1.996B,9.751B,3.712B
PM,2020-09,-10.01B,4.821B,2.416B,2.144B,0,1.48,1.48,7.573B,14.08B,5.03B,2020-09,8.968B,2.307B,-163.00M,-163.00M,6.134B,661.00M,27.35B,3.22B,12.28B,3.057B,640.00M,7.446B,1.792B,-12.09B,39.13B,0,17.45B,15.52B,49.37B,21.68B,33.85B,1.81B,9.905B,3.944B
PM,2020-06,-10.77B,4.20B,2.179B,2.585B,0,1.25,1.25,7.601B,13.70B,4.472B,2020-06,9.045B,1.947B,-162.00M,-162.00M,6.184B,775.00M,27.04B,2.709B,12.43B,2.547B,528.00M,6.651B,1.744B,-12.00B,39.16B,0,17.78B,15.79B,49.28B,21.39B,33.49B,1.763B,9.774B,3.334B
PM,2020-03,-9.363B,3.746B,2.402B,3.371B,0,1.17,1.17,7.134B,14.45B,4.751B,2020-03,9.235B,1.826B,-129.00M,-129.00M,6.107B,838.00M,25.00B,2.766B,13.40B,2.637B,596.00M,7.153B,1.967B,-12.94B,37.49B,0,16.86B,16.58B,48.56B,20.63B,31.97B,1.985B,10.76B,3.717B
PM,2019-12,-8.966B,6.861B,2.778B,4.389B,0,1.04,1.04,7.971B,14.16B,4.935B,2019-12,8.529B,1.616B,-136.00M,-136.00M,6.631B,908.00M,26.66B,2.478B,11.84B,2.342B,623.00M,7.713B,2.441B,-11.58B,42.88B,0,20.51B,18.83B,52.47B,22.36B,33.64B,2.457B,9.388B,3.729B
PM,2019-09,-9.051B,6.507B,2.605B,5.39B,0,1.22,1.22,7.808B,14.53B,5.037B,2019-09,8.255B,1.896B,-132.00M,-132.00M,6.636B,905.00M,26.43B,2.768B,12.27B,2.636B,635.00M,7.642B,2.254B,-11.01B,41.42B,0,19.58B,18.04B,50.58B,21.84B,32.53B,2.269B,9.866B,4.074B
PM,2019-06,-9.237B,4.008B,2.665B,5.031B,0,1.49,1.49,7.958B,14.30B,5.034B,2019-06,8.318B,2.319B,-150.00M,-150.00M,6.917B,786.00M,24.86B,3.167B,10.64B,3.017B,611.00M,7.699B,1.851B,-11.20B,39.92B,0,17.16B,18.05B,49.33B,22.76B,31.29B,1.867B,8.319B,3.535B
PM,2019-03,-10.11B,3.081B,2.465B,7.133B,0,0.87,0.87,7.904B,14.56B,4.286B,2019-03,8.804B,1.354B,-152.00M,-152.00M,6.894B,921.00M,23.13B,2.029B,11.61B,1.877B,424.00M,6.751B,2.238B,-11.97B,38.04B,0,15.74B,18.49B,48.23B,22.30B,29.74B,2.257B,9.515B,3.564B
PM,2018-12,0,6.593B,2.781B,4.784B,0,1.23,1.23,9.467B,0,4.718B,2018-12,0,1.91B,-125.00M,-125.00M,7.201B,898.00M,26.98B,2.68B,0,2.555B,551.00M,7.499B,2.019B,-12.46B,39.80B,0,19.44B,17.19B,50.54B,20.36B,33.35B,2.038B,0,0
PM,2018-09,-9.199B,5.88B,2.618B,3.587B,57.00M,1.44,1.44,9.588B,14.58B,4.886B,2018-09,8.44B,2.247B,-145.00M,-145.00M,7.138B,809.00M,28.18B,3.149B,11.20B,3.004B,691.00M,7.504B,1.717B,-11.72B,39.38B,0,18.54B,15.60B,49.32B,20.84B,33.72B,1.737B,9.219B,3.522B
PM,2018-06,-8.908B,6.587B,2.744B,3.617B,55.00M,1.41,1.41,9.648B,14.38B,4.982B,2018-06,8.925B,2.198B,-168.00M,-168.00M,7.113B,793.00M,28.05B,3.087B,13.09B,2.919B,644.00M,7.726B,1.874B,-11.92B,40.72B,0,20.03B,17.44B,50.89B,20.69B,33.45B,1.895B,11.14B,3.772B
PM,2018-03,-8.883B,7.20B,2.615B,5.27B,0,1,1,10.12B,15.06B,4.281B,2018-03,8.592B,1.556B,-227.00M,-227.00M,7.459B,822.00M,29.58B,2.42B,11.65B,2.193B,559.00M,6.896B,1.839B,-12.35B,43.07B,0,20.59B,17.69B,53.55B,22.48B,35.86B,1.861B,9.424B,3.894B
PM,2017-12,-8.535B,8.447B,3.001B,3.005B,0,0.44,0.44,10.10B,14.57B,5.293B,2017-12,8.806B,694.00M,-259.00M,-259.00M,7.271B,799.00M,31.33B,3.318B,12.10B,3.059B,2.265B,8.294B,1.952B,-12.09B,42.97B,0,21.59B,15.96B,53.20B,21.37B,37.24B,1.975B,10.05B,3.738B
PM,2017-09,-8.797B,7.667B,2.735B,5.91B,0,1.27,1.27,10.18B,13.97B,4.738B,2017-09,8.283B,1.97B,-223.00M,-223.00M,6.857B,1.037B,28.06B,3.068B,11.78B,2.845B,812.00M,7.473B,1.649B,-11.41B,41.95B,0,20.86B,18.51B,51.58B,21.09B,33.07B,1.67B,9.596B,3.985B
PM,2017-06,-9.07B,6.197B,2.519B,5.152B,0,1.14,1.14,10.14B,13.56B,4.398B,2017-06,7.73B,1.781B,-213.00M,-213.00M,6.629B,1.362B,26.60B,2.721B,11.35B,2.508B,689.00M,6.917B,1.655B,-12.01B,38.66B,0,18.43B,17.24B,48.94B,20.23B,31.69B,1.677B,9.329B,3.648B
PM,2017-03,-9.265B,5.076B,2.177B,2.758B,0,1.02,1.02,10.00B,12.86B,3.887B,2017-03,8.007B,1.59B,-219.00M,-219.00M,6.264B,1.739B,28.59B,2.396B,9.878B,2.177B,541.00M,6.064B,1.469B,-12.39B,36.63B,0,16.88B,13.36B,47.18B,19.74B,33.83B,1.491B,7.973B,3.09B
PM,2016-12,-9.559B,4.239B,2.499B,3.216B,0,1.1,1.1,9.794B,12.36B,4.472B,2016-12,9.017B,1.711B,-201.00M,-201.00M,6.064B,1.897B,25.85B,2.612B,12.45B,2.411B,658.00M,6.971B,1.842B,-12.69B,36.85B,0,17.61B,16.47B,47.75B,19.24B,31.28B,1.86B,10.32B,3.499B
PM,2016-09,-8.889B,4.884B,2.432B,3.127B,0,1.25,1.25,10.22B,12.70B,4.55B,2016-09,7.486B,1.938B,-220.00M,-220.00M,6.133B,1.376B,26.96B,2.977B,10.26B,2.757B,764.00M,6.982B,1.554B,-12.14B,35.58B,0,16.57B,14.26B,45.89B,19.00B,31.64B,1.573B,8.447B,3.10B
PM,2016-06,-8.955B,3.814B,2.364B,1.871B,0,1.15,1.15,10.22B,12.32B,4.285B,2016-06,7.989B,1.788B,-223.00M,-223.00M,5.931B,1.463B,28.10B,2.753B,10.01B,2.53B,716.00M,6.649B,1.513B,-12.56B,34.80B,0,16.05B,12.67B,45.60B,18.76B,32.93B,1.532B,8.291B,3.085B
PM,2016-03,-8.914B,2.944B,2.096B,3.11B,91.00M,0.98,0.98,10.35B,12.20B,3.987B,2016-03,8.699B,1.53B,-247.00M,-247.00M,5.865B,1.378B,26.68B,2.473B,10.16B,2.226B,630.00M,6.083B,1.496B,-12.75B,34.62B,0,15.93B,14.09B,45.52B,18.69B,31.42B,1.514B,8.232B,2.989B
PM,2015-12,-9.402B,3.417B,2.375B,3.23B,206.00M,0.8,0.8,10.04B,11.77B,4.017B,2015-12,8.473B,1.249B,-227.00M,-227.00M,5.721B,1.543B,25.25B,1.969B,11.05B,1.674B,412.00M,6.392B,2.028B,-13.24B,33.96B,0,15.80B,15.39B,45.43B,18.15B,30.05B,2.048B,8.969B,2.778B
PM,2015-09,-8.927B,2.393B,2.383B,3.107B,195.00M,1.25,1.25,10.02B,11.86B,4.544B,2015-09,7.207B,1.942B,-247.00M,-247.00M,5.60B,1.614B,25.80B,2.959B,9.998B,2.712B,748.00M,6.927B,1.566B,-13.58B,32.01B,0,14.11B,14.10B,44.24B,17.90B,30.14B,1.585B,8.225B,3.322B
PM,2015-06,-8.107B,1.838B,2.378B,4.636B,230.00M,1.21,1.21,10.72B,12.33B,4.481B,2015-06,7.207B,1.887B,-259.00M,-259.00M,5.815B,1.799B,24.57B,2.892B,9.686B,2.633B,743.00M,6.859B,1.568B,-13.15B,32.71B,0,13.77B,15.39B,44.51B,18.94B,29.12B,1.589B,7.844B,3.619B
PM,2015-03,-8.09B,1.524B,2.229B,5.013B,165.00M,1.16,1.16,10.78B,12.08B,4.387B,2015-03,7.552B,1.795B,-275.00M,-275.00M,5.697B,1.975B,25.57B,2.871B,8.954B,2.596B,785.00M,6.616B,1.494B,-13.62B,33.26B,0,14.28B,14.98B,45.50B,18.98B,30.52B,1.516B,7.035B,3.741B
PM,2014-12,-6.826B,1.682B,2.632B,2.526B,158.00M,1.03,1.03,11.37B,12.76B,4.565B,2014-12,8.592B,1.612B,-263.00M,-263.00M,6.071B,1.549B,26.93B,2.564B,11.29B,2.269B,651.00M,7.197B,1.975B,-12.63B,35.19B,0,15.48B,15.11B,46.39B,19.70B,31.28B,2.001B,9.369B,4.004B
PM,2014-09,-5.022B,2.043B,2.734B,3.448B,128.00M,1.38,1.38,11.84B,13.36B,5.122B,2014-09,7.979B,2.155B,-267.00M,-267.00M,6.273B,1.709B,25.40B,3.336B,10.29B,3.078B,918.00M,7.856B,1.763B,-10.11B,35.40B,0,14.76B,15.12B,44.08B,20.64B,28.96B,1.786B,8.528B,3.785B
PM,2014-06,-4.314B,1.541B,2.696B,2.348B,102.00M,1.17,1.17,12.29B,14.07B,5.101B,2014-06,8.271B,1.851B,-254.00M,-254.00M,6.648B,1.52B,27.16B,3.363B,9.863B,2.62B,752.00M,7.797B,1.716B,-9.292B,36.32B,0,14.71B,13.58B,44.17B,21.62B,30.59B,1.738B,8.135B,4.081B
PM,2014-03,-4.213B,1.823B,2.374B,3.69B,105.00M,1.18,1.18,12.24B,13.89B,4.543B,2014-03,8.724B,1.875B,-268.00M,-268.00M,6.67B,1.491B,25.99B,2.974B,9.234B,2.683B,776.00M,6.917B,1.547B,-8.613B,36.14B,0,14.82B,13.97B,43.29B,21.31B,29.32B,1.569B,7.637B,3.408B
PM,2013-12,-4.19B,2.154B,2.602B,3.655B,112.00M,1.24,1.24,12.09B,13.96B,5.187B,2013-12,9.846B,1.987B,-252.00M,-252.00M,6.755B,1.477B,24.02B,3.489B,12.35B,2.936B,893.00M,7.789B,1.676B,-7.766B,38.17B,0,16.85B,17.07B,44.44B,21.32B,27.38B,1.698B,10.46B,3.853B
PM,2013-09,-4.82B,3.382B,2.618B,4.923B,116.00M,1.44,1.44,12.47B,13.90B,5.309B,2013-09,8.026B,2.34B,-239.00M,-239.00M,6.583B,1.807B,21.88B,3.599B,10.11B,3.36B,952.00M,7.927B,1.687B,-7.429B,36.80B,0,16.02B,16.02B,43.99B,20.78B,27.97B,1.71B,8.563B,3.659B
PM,2013-06,-4.115B,3.586B,2.701B,3.94B,121.00M,1.3,1.3,13.00B,13.48B,5.216B,2013-06,8.217B,2.124B,-246.00M,-246.00M,6.396B,1.842B,21.56B,3.342B,9.839B,3.091B,892.00M,7.917B,1.85B,-5.466B,37.14B,0,16.76B,14.71B,42.36B,20.38B,27.66B,1.874B,8.374B,3.964B
PM,2013-03,-3.72B,3.981B,2.489B,4.802B,120.00M,1.28,1.28,13.36B,13.57B,5.095B,2013-03,7.976B,2.125B,-236.00M,-236.00M,6.473B,1.873B,20.80B,3.394B,8.79B,3.155B,933.00M,7.584B,1.677B,-4.314B,37.42B,0,16.66B,14.51B,41.47B,20.76B,26.96B,1.701B,7.461B,3.591B
PM,2012-12,-3.604B,2.983B,2.681B,5.20B,114.00M,1.25,1.25,13.52B,13.88B,5.208B,2012-12,8.949B,2.095B,-226.00M,-226.00M,6.645B,1.875B,17.64B,3.266B,10.81B,3.007B,799.00M,7.889B,1.918B,-3.476B,37.67B,0,16.59B,17.02B,40.82B,21.08B,23.81B,1.942B,9.327B,3.589B
PM,2012-09,-2.835B,4.817B,2.584B,4.916B,130.00M,1.32,1.32,13.55B,13.48B,5.336B,2012-09,8.243B,2.227B,-211.00M,-211.00M,6.364B,1.902B,17.52B,3.657B,10.80B,3.412B,1.088B,7.92B,1.655B,-1.481B,38.31B,0,17.60B,16.73B,38.19B,20.71B,21.47B,1.679B,9.389B,3.562B
PM,2012-06,-3.376B,3.846B,2.666B,5.978B,128.00M,1.36,1.36,13.35B,12.95B,5.454B,2012-06,7.312B,2.317B,-209.00M,-209.00M,6.161B,1.964B,14.82B,3.612B,9.955B,3.395B,988.00M,8.12B,1.817B,-1.366B,35.80B,0,15.56B,16.83B,35.65B,20.24B,18.82B,1.842B,8.645B,3.553B
PM,2012-03,-2.367B,3.576B,2.442B,5.495B,141.00M,1.25,1.25,13.84B,13.47B,5.006B,2012-03,7.311B,2.161B,-213.00M,-213.00M,6.445B,2.007B,15.35B,3.411B,8.871B,3.19B,958.00M,7.448B,1.571B,112.00M,36.40B,0,15.34B,15.28B,34.78B,21.06B,19.50B,1.595B,7.627B,3.472B
PM,2011-12,-2.863B,2.55B,2.692B,3.717B,176.00M,1.09,1.09,13.62B,12.91B,4.979B,2011-12,8.12B,1.886B,-187.00M,-187.00M,6.25B,1.976B,14.83B,2.995B,10.01B,2.759B,803.00M,7.671B,1.959B,229.00M,35.49B,0,14.86B,14.79B,34.94B,20.63B,20.14B,1.984B,8.615B,3.201B
PM,2011-09,-1.425B,3.391B,2.847B,4.889B,170.00M,1.35,1.35,13.86B,13.21B,5.515B,2011-09,7.453B,2.377B,-192.00M,-192.00M,6.411B,1.983B,12.87B,3.72B,10.19B,3.485B,1.024B,8.362B,1.77B,2.13B,36.22B,0,15.09B,16.05B,32.57B,21.13B,16.52B,1.795B,8.834B,3.242B
PM,2011-06,-262.00M,2.178B,2.844B,3.884B,170.00M,1.35,1.35,14.67B,13.91B,5.429B,2011-06,7.904B,2.409B,-208.00M,-208.00M,6.793B,2.067B,13.04B,3.713B,9.99B,3.504B,1.019B,8.273B,1.692B,3.669B,36.79B,0,14.33B,14.76B,31.61B,22.46B,16.85B,1.716B,8.656B,3.443B
