Ticker,Date,Accrued Comprehensive Inc,Cash and Short Term Investments,Cost of Goods Sold,Current Debt & Capital Lease Obligation,Current Deferred Liabilities,EPS Basic,EPS Diluted,Goodwill and Intangibles,Gross PP&E,Gross Profit,Income (Quarterly),Inventories,Net Income,Net Non-Operating Interest Income Expense,Net Operating Interest Income,Net PP&E,Non-Current Deferred Liabilities,Non-Current Portion of LTD and Capital Lease Obligation,Operating Income,Payables and Accrued Expenses,Pre-Tax Income,Provision for Income Taxes,Research and Development Expense,Revenue,SG&A Expense,Shareholders Equity,Total Assets,Total Capital Stock,Total Current Assets,Total Current Liabilities,Total Liabilities,Total Long Term Assets,Total Long Term Liabilities,Total Operating Expenses,Total Payables,Total Receivables
PNR,2021-03,-211.00M,95.00M,550.70M,22.40M,23.60M,0.77,0.77,2.683B,1.027B,315.20M,2021-03,429.10M,128.60M,-5.10M,-5.10M,374.60M,123.90M,993.70M,157.10M,535.90M,151.60M,20.50M,21.50M,865.90M,136.60M,2.194B,4.384B,1.70M,1.208B,823.90M,2.190B,3.176B,1.366B,158.10M,359.40M,620.10M
PNR,2020-12,-207.30M,82.10M,512.50M,22.10M,22.50M,0.62,0.61,2.718B,1.032B,283.50M,2020-12,420.00M,103.00M,-3.90M,-3.90M,384.80M,130.00M,904.70M,121.50M,467.10M,110.70M,10.90M,20.10M,796.00M,141.90M,2.106B,4.197B,1.70M,975.10M,772.50M,2.091B,3.222B,1.318B,162.00M,292.90M,417.60M
PNR,2020-09,-212.30M,82.60M,521.10M,20.20M,21.70M,0.67,0.66,2.653B,998.30M,277.40M,2020-09,401.70M,110.80M,-5.40M,-5.40M,369.10M,131.80M,867.60M,128.10M,528.40M,125.20M,14.40M,19.30M,798.50M,130.00M,2.050B,4.104B,1.70M,963.50M,818.90M,2.054B,3.14B,1.235B,149.30M,331.10M,417.70M
PNR,2020-06,-214.80M,90.60M,468.20M,20.20M,21.00M,0.43,0.43,2.628B,979.80M,245.10M,2020-06,396.50M,72.10M,-7.70M,-7.70M,365.80M,130.40M,1.078B,111.10M,479.40M,103.60M,29.80M,17.30M,713.30M,116.70M,1.950B,4.116B,1.70M,1.002B,750.60M,2.166B,3.114B,1.416B,134.00M,319.50M,451.30M
PNR,2020-03,-225.20M,169.30M,458.40M,18.80M,19.50M,0.43,0.43,2.583B,962.50M,251.60M,2020-03,392.40M,72.70M,-6.90M,-6.90M,361.80M,130.20M,1.515B,100.70M,431.20M,92.60M,19.90M,19.00M,710.00M,131.90M,1.892B,4.427B,1.70M,1.340B,682.80M,2.534B,3.087B,1.851B,150.90M,304.00M,710.50M
PNR,2019-12,-226.50M,82.50M,481.00M,19.00M,22.50M,0.58,0.58,2.598B,957.80M,274.20M,2019-12,377.40M,97.80M,-6.50M,-6.50M,360.40M,125.70M,1.090B,122.30M,500.00M,105.90M,3.00M,17.70M,755.20M,134.20M,1.954B,4.140B,1.70M,1.062B,749.00M,2.186B,3.078B,1.437B,151.90M,368.20M,543.90M
PNR,2019-09,-234.10M,113.20M,458.60M,19.80M,21.50M,0.55,0.55,2.602B,948.30M,255.00M,2019-09,390.30M,92.30M,-6.90M,-6.90M,357.90M,131.40M,1.182B,108.80M,448.40M,101.20M,9.90M,19.80M,713.60M,126.40M,1.869B,4.080B,1.70M,1.003B,694.20M,2.212B,3.078B,1.517B,146.20M,295.70M,441.30M
PNR,2019-06,-230.20M,80.50M,512.80M,19.80M,19.90M,0.67,0.67,2.642B,948.30M,286.70M,2019-06,396.70M,114.30M,-9.40M,-9.40M,359.00M,140.20M,1.277B,133.80M,427.90M,137.20M,22.10M,20.70M,799.50M,132.20M,1.807B,4.17B,1.70M,1.042B,710.20M,2.363B,3.128B,1.653B,152.90M,316.10M,503.10M
PNR,2019-03,-225.90M,78.90M,453.30M,19.90M,19.70M,0.3,0.3,2.644B,931.60M,235.60M,2019-03,421.80M,51.30M,-7.30M,-7.30M,353.80M,145.80M,1.428B,67.60M,406.60M,63.20M,10.80M,20.70M,688.90M,147.30M,1.870B,4.382B,1.70M,1.252B,705.30M,2.512B,3.131B,1.806B,168.00M,306.10M,684.10M
PNR,2018-12,-228.60M,74.30M,472.50M,0,21.30M,0.54,0.53,2.349B,841.90M,268.00M,2018-12,387.50M,92.90M,-4.70M,-4.70M,272.60M,126.80M,787.60M,113.00M,557.70M,105.80M,11.60M,19.70M,740.50M,135.30M,1.836B,3.806B,1.70M,1.039B,818.70M,1.970B,2.767B,1.152B,155.00M,419.80M,524.70M
PNR,2018-09,-221.00M,64.70M,467.60M,0.20M,15.90M,0.63,0.63,2.386B,862.00M,243.80M,2018-09,387.30M,110.10M,-4.30M,-4.30M,274.20M,133.80M,798.80M,108.40M,450.50M,101.80M,10.60M,19.10M,711.40M,116.30M,1.880B,3.810B,1.80M,989.60M,707.40M,1.929B,2.820B,1.222B,135.40M,316.00M,447.20M
PNR,2018-06,-217.90M,78.70M,498.00M,0.30M,19.10M,0.23,0.23,2.385B,846.70M,282.60M,2018-06,366.60M,41.50M,-10.10M,-10.10M,270.60M,143.30M,779.90M,122.60M,454.80M,98.70M,20.80M,19.10M,780.60M,140.90M,1.889B,3.806B,1.80M,996.60M,709.40M,1.917B,2.809B,1.208B,160.00M,316.50M,471.40M
PNR,2018-03,-244.80M,907.50M,479.30M,0.70M,30.20M,0.57,0.57,5.917B,1.500B,253.30M,2018-03,593.50M,102.90M,-13.50M,-13.50M,546.50M,412.70M,2.673B,92.70M,641.50M,73.50M,15.10M,18.80M,732.60M,141.80M,4.720B,9.368B,1.80M,2.719B,1.028B,4.648B,6.649B,3.621B,160.60M,490.30M,1.103B
PNR,2017-12,-243.40M,86.30M,467.10M,0.80M,20.10M,1.05,1.04,2.435B,851.10M,253.70M,2017-12,356.90M,189.60M,-13.10M,-13.10M,279.80M,131.80M,1.441B,85.40M,546.70M,62.50M,6.60M,18.50M,720.80M,149.80M,5.038B,8.634B,1.80M,1.749B,1.199B,3.596B,6.885B,2.396B,168.30M,424.30M,534.60M
PNR,2017-09,-235.80M,108.50M,451.10M,0,30.40M,0.69,0.68,5.951B,1.462B,236.50M,2017-09,579.20M,125.40M,-13.90M,-13.90M,547.10M,597.60M,1.503B,101.80M,654.20M,83.00M,34.10M,17.90M,687.60M,116.80M,5.009B,8.629B,1.80M,1.706B,1.073B,3.620B,6.923B,2.548B,134.70M,487.90M,896.70M
PNR,2017-06,-267.30M,177.80M,480.40M,0,35.30M,1.45,1.43,5.938B,1.446B,273.60M,2017-06,565.40M,263.70M,-25.30M,-25.30M,550.90M,592.80M,1.699B,129.20M,635.30M,1.60M,5.00M,17.70M,754.00M,126.70M,4.904B,8.669B,1.80M,1.755B,1.048B,3.766B,6.914B,2.717B,144.40M,470.40M,878.10M
PNR,2017-03,-659.00M,238.10M,761.20M,0,35.90M,0.48,0.48,5.918B,1.445B,422.30M,2017-03,546.00M,87.80M,-35.00M,-35.00M,551.90M,647.60M,4.529B,140.60M,681.10M,103.60M,22.90M,30.00M,1.184B,251.70M,4.375B,11.82B,1.90M,2.841B,1.398B,7.443B,8.977B,6.046B,281.70M,548.50M,1.034B
PNR,2016-12,-736.30M,238.50M,-526.40M,0,22.50M,0.72,0.71,5.849B,1.402B,-394.90M,2016-12,524.20M,131.00M,-34.20M,-34.20M,538.60M,657.40M,4.278B,-184.50M,728.20M,-214.80M,-51.00M,-13.60M,-921.30M,-196.80M,4.254B,11.53B,1.80M,2.672B,1.471B,7.280B,8.863B,5.809B,-210.40M,585.70M,871.70M
PNR,2016-09,-616.50M,170.90M,769.80M,0,24.80M,0.78,0.77,5.935B,1.415B,440.90M,2016-09,556.20M,141.00M,-34.30M,-34.30M,547.30M,684.30M,4.411B,182.80M,460.50M,149.70M,32.20M,29.70M,1.211B,228.40M,4.355B,11.68B,1.80M,2.747B,1.288B,7.324B,8.932B,6.036B,258.10M,348.20M,824.10M
PNR,2016-06,-646.60M,173.30M,819.40M,0,100.90M,0.79,0.78,7.651B,1.995B,481.80M,2016-06,1.133B,142.80M,-35.40M,-35.40M,937.60M,815.20M,4.552B,203.40M,653.00M,169.10M,36.40M,28.70M,1.301B,249.70M,4.166B,11.74B,1.80M,2.793B,1.416B,7.578B,8.951B,6.162B,278.40M,593.30M,1.222B
PNR,2016-03,-631.70M,158.10M,758.70M,0.70M,121.30M,0.59,0.59,7.711B,1.996B,431.30M,2016-03,1.198B,107.40M,-36.20M,-36.20M,951.80M,828.70M,4.837B,152.70M,698.10M,116.90M,25.10M,28.50M,1.19B,250.10M,4.084B,12.03B,1.80M,3.006B,1.468B,7.946B,9.024B,6.478B,278.60M,638.60M,1.391B
PNR,2015-12,-645.00M,126.30M,856.50M,3.20M,32.00M,0.51,0.5,6.006B,1.454B,432.50M,2015-12,564.70M,-453.30M,-34.40M,-34.40M,539.80M,721.00M,4.686B,171.70M,620.00M,134.30M,30.30M,26.40M,1.289B,234.40M,4.009B,11.83B,1.80M,2.778B,1.486B,7.825B,9.056B,6.338B,260.80M,522.30M,887.60M
PNR,2015-09,-620.30M,144.90M,718.10M,5.30M,137.70M,0.64,0.63,8.343B,2.010B,394.70M,2015-09,1.296B,115.20M,-30.90M,-30.90M,921.40M,827.90M,4.983B,152.90M,649.80M,122.20M,27.50M,24.80M,1.113B,217.00M,4.536B,12.67B,1.80M,2.964B,1.496B,8.135B,9.707B,6.639B,241.80M,588.70M,1.262B
PNR,2015-06,-533.80M,147.30M,1.095B,5.60M,153.90M,0.82,0.81,6.320B,1.893B,566.20M,2015-06,1.200B,147.80M,-18.60M,-18.60M,908.50M,465.10M,3.261B,217.90M,649.40M,199.90M,46.00M,29.00M,1.661B,319.30M,4.552B,10.56B,2.00M,2.903B,1.46B,6.013B,7.662B,4.553B,348.30M,583.50M,1.287B
PNR,2015-03,-554.60M,131.10M,964.80M,6.70M,161.80M,0.63,0.62,6.231B,1.867B,510.20M,2015-03,1.177B,113.90M,-18.20M,-18.20M,915.40M,516.30M,3.403B,171.20M,627.60M,153.50M,35.30M,29.80M,1.475B,309.20M,4.423B,10.57B,2.00M,2.977B,1.431B,6.146B,7.592B,4.715B,339.00M,562.40M,1.356B
PNR,2014-12,-380.30M,110.40M,-355.10M,2.50M,154.10M,0.7,0.69,6.35B,1.899B,-214.60M,2014-12,1.130B,120.80M,-17.50M,-17.50M,950.00M,528.30M,2.997B,-137.40M,766.30M,-154.60M,-34.00M,8.20M,-569.70M,-85.40M,4.664B,10.66B,2.00M,2.894B,1.640B,5.991B,7.761B,4.352B,-77.20M,699.90M,1.309B
PNR,2014-09,-232.70M,156.60M,1.134B,6.10M,148.60M,-0.98,-0.98,6.441B,1.937B,624.70M,2014-09,1.199B,-186.00M,-17.10M,-17.10M,990.80M,558.40M,2.961B,267.40M,749.60M,250.60M,58.10M,28.50M,1.758B,328.80M,4.967B,10.93B,2.10M,3.052B,1.669B,5.960B,7.874B,4.291B,357.30M,695.30M,1.289B
PNR,2014-06,-54.70M,174.40M,1.188B,2.80M,156.80M,0.84,0.82,6.815B,2.105B,646.30M,2014-06,1.264B,161.50M,-17.90M,-17.90M,1.152B,608.60M,2.739B,226.40M,874.50M,208.60M,49.40M,30.20M,1.834B,389.70M,5.719B,11.62B,2.10M,3.166B,1.777B,5.898B,8.451B,4.121B,419.90M,818.10M,1.418B
PNR,2014-03,-71.30M,211.10M,1.080B,2.50M,147.40M,0.6,0.59,6.847B,2.08B,564.10M,2014-03,1.272B,118.60M,-16.10M,-16.10M,1.162B,599.50M,2.934B,182.10M,680.10M,166.30M,40.80M,29.50M,1.644B,352.50M,5.936B,11.77B,113.50M,3.305B,1.528B,5.830B,8.461B,4.302B,382.00M,624.10M,1.519B
PNR,2013-12,-43.60M,256.00M,1.200B,0,126.20M,0.8,0.78,6.611B,1.915B,630.50M,2013-12,1.195B,158.20M,-17.10M,-17.10M,1.044B,557.00M,2.548B,252.30M,731.60M,228.50M,64.10M,28.00M,1.831B,350.20M,6.095B,11.74B,113.50M,3.232B,1.610B,5.526B,8.511B,3.915B,378.20M,675.60M,1.377B
PNR,2013-09,-41.70M,237.70M,1.099B,3.00M,204.40M,0.87,0.85,6.939B,2.034B,614.70M,2013-09,1.296B,172.80M,-17.50M,-17.50M,1.172B,497.80M,2.571B,230.00M,784.90M,213.10M,46.70M,31.30M,1.713B,353.40M,6.082B,11.80B,113.50M,3.211B,1.678B,5.602B,8.593B,3.924B,384.70M,728.90M,1.442B
PNR,2013-06,-129.00M,253.10M,1.296B,2.90M,203.90M,0.76,0.75,6.801B,1.976B,667.40M,2013-06,1.318B,154.10M,-18.40M,-18.40M,1.186B,498.00M,2.737B,225.90M,848.70M,208.40M,53.00M,32.10M,1.964B,409.40M,5.826B,11.67B,113.50M,3.216B,1.687B,5.724B,8.450B,4.037B,441.50M,793.10M,1.440B
PNR,2013-03,-87.00M,215.00M,1.251B,6.00M,199.00M,0.25,0.25,6.726B,1.939B,523.80M,2013-03,1.327B,51.70M,-17.00M,-17.00M,1.222B,481.00M,2.592B,74.30M,680.00M,74.20M,20.90M,33.50M,1.774B,416.00M,6.228B,11.72B,113.00M,3.29B,1.483B,5.378B,8.431B,3.895B,449.50M,627.00M,1.542B
PNR,2012-12,-11.60M,261.30M,1.247B,3.10M,188.30M,-1.31,-1.31,7.038B,1.899B,395.00M,2012-12,1.334B,-273.10M,-18.70M,-18.70M,1.188B,421.90M,2.454B,-205.10M,716.30M,-359.90M,-110.90M,30.90M,1.642B,569.20M,6.371B,11.88B,113.50M,3.204B,1.645B,5.395B,8.678B,3.750B,600.10M,662.00M,1.399B
PNR,2012-09,5.178B,642.57M,587.40M,501.39M,27.88M,0.31,0.31,6.721B,1.836B,278.10M,2012-09,1.380B,31.40M,-18.60M,-18.60M,1.156B,539.45M,1.495B,55.20M,963.85M,37.20M,4.60M,19.80M,865.50M,203.10M,6.848B,11.97B,113.45M,3.740B,2.132B,4.906B,8.232B,2.774B,222.90M,745.71M,1.320B
PNR,2012-06,-192.10M,60.60M,629.40M,1.415M,0,0.73,0.72,2.826B,1.041B,312.10M,2012-06,460.04M,72.70M,-16.10M,-16.10M,381.06M,190.17M,1.234B,119.30M,411.30M,103.80M,29.40M,20.80M,941.50M,172.00M,2.002B,4.586B,16.53M,1.276B,661.72M,2.468B,3.310B,1.807B,192.80M,320.49M,572.14M
PNR,2012-03,-110.06M,55.44M,577.00M,20.40M,0,0.63,0.62,2.892B,1.019B,281.00M,2012-03,475.40M,62.00M,-15.00M,-15.00M,393.34M,194.47M,1.395B,86.00M,392.96M,73.00M,10.00M,21.00M,858.00M,174.00M,2.027B,4.778B,16.51M,1.389B,659.32M,2.635B,3.389B,1.975B,195.00M,318.55M,680.26M
PNR,2011-12,-37.73M,50.08M,600.86M,4.862M,0,-1.783,-1.783,2.866B,0,264.84M,2011-12,449.86M,-175.84M,-17.59M,-17.59M,387.52M,188.96M,1.304B,12.20M,324.21M,-205.47M,-30.05M,20.10M,865.71M,232.54M,1.933B,4.586B,47.53M,1.238B,641.84M,2.539B,3.348B,1.897B,252.64M,294.86M,623.90M
PNR,2011-09,-48.04M,52.66M,618.48M,30.90M,0,0.5173,0.5173,3.136B,0,272.06M,2011-09,459.92M,51.09M,-17.37M,-17.37M,394.92M,228.74M,1.317B,92.90M,396.88M,76.10M,24.05M,20.09M,890.55M,159.07M,2.183B,4.882B,16.43M,1.278B,717.60M,2.584B,3.604B,1.867B,179.16M,307.73M,556.69M
PNR,2011-06,41.90M,68.97M,622.44M,22.74M,0,0.6778,0.6778,3.228B,0,287.74M,2011-06,484.80M,66.71M,-14.61M,-14.61M,410.55M,235.42M,1.384B,109.42M,435.46M,95.48M,27.34M,19.88M,910.18M,158.43M,2.249B,5.052B,16.46M,1.335B,711.40M,2.685B,3.718B,1.974B,178.31M,336.90M,595.41M
