Ticker,Date,Accrued Comprehensive Inc,Cash and Short Term Investments,Cost of Goods Sold,Current Debt & Capital Lease Obligation,Current Deferred Liabilities,EPS Basic,EPS Diluted,Goodwill and Intangibles,Gross PP&E,Gross Profit,Income (Quarterly),Inventories,Net Income,Net Non-Operating Interest Income Expense,Net Operating Interest Income,Net PP&E,Non-Current Deferred Liabilities,Non-Current Portion of LTD and Capital Lease Obligation,Operating Income,Payables and Accrued Expenses,Pre-Tax Income,Provision for Income Taxes,Revenue,Shareholders Equity,Total Assets,Total Capital Stock,Total Current Assets,Total Current Liabilities,Total Liabilities,Total Long Term Assets,Total Long Term Liabilities,Total Operating Expenses,Total Payables,Total Receivables
PNW,2020-12,-62.80M,59.97M,494.57M,243.78M,48.34M,-0.17,-0.17,282.57M,22.88B,246.39M,2020-12,334.30M,-19.39M,-55.82M,-55.82M,15.38B,2.548B,6.676B,30.85M,628.63M,-34.43M,-19.91M,740.96M,5.634B,20.02B,2.677B,1.198B,1.360B,14.27B,18.82B,12.91B,215.54M,571.67M,432.78M
PNW,2020-09,-57.49M,181.93M,590.14M,146.99M,47.73M,3.07,3.07,266.22M,22.16B,664.36M,2020-09,339.08M,346.37M,-53.88M,-53.88M,15.16B,2.576B,6.675B,455.01M,570.26M,428.48M,77.23M,1.255B,5.841B,19.75B,2.670B,1.455B,1.245B,13.78B,18.30B,12.54B,209.35M,509.62M,579.01M
PNW,2020-06,-57.88M,6.763M,457.77M,375.75M,49.13M,1.72,1.71,275.03M,21.97B,471.82M,2020-06,335.62M,193.58M,-55.19M,-55.19M,15.07B,2.477B,6.332B,261.87M,609.29M,239.52M,41.06M,929.59M,5.490B,19.31B,2.666B,1.147B,1.496B,13.70B,18.16B,12.20B,209.94M,555.78M,476.60M
PNW,2020-03,-55.58M,63.14M,409.84M,1.225B,54.96M,0.27,0.27,279.24M,21.29B,252.09M,2020-03,340.48M,29.99M,-51.88M,-51.88M,14.50B,2.425B,4.885B,40.42M,549.66M,14.66M,-20.21M,661.93M,5.469B,18.56B,2.664B,1.078B,2.295B,12.96B,17.48B,10.67B,211.67M,496.06M,364.54M
PNW,2019-12,-57.10M,10.28M,454.42M,927.39M,64.91M,0.57,0.57,290.56M,21.40B,215.97M,2019-12,345.92M,63.98M,-53.09M,-53.09M,14.38B,2.404B,4.884B,12.00M,632.86M,-19.68M,-88.54M,670.39M,5.431B,18.48B,2.660B,1.030B,2.078B,12.93B,17.45B,10.85B,203.97M,579.33M,408.15M
PNW,2019-09,-46.54M,29.85M,583.44M,533.60M,78.17M,2.78,2.77,266.59M,20.82B,607.34M,2019-09,312.43M,312.28M,-51.30M,-51.30M,14.26B,2.361B,5.037B,403.29M,548.04M,370.42M,53.27M,1.191B,5.553B,18.38B,2.654B,1.133B,1.587B,12.70B,17.24B,11.11B,204.05M,497.05M,524.57M
PNW,2019-06,-47.64M,1.648M,469.76M,742.97M,84.18M,1.28,1.28,261.58M,20.64B,399.74M,2019-06,315.38M,144.14M,-50.27M,-50.27M,14.17B,2.210B,4.940B,196.59M,620.30M,166.10M,17.08M,869.50M,5.233B,18.17B,2.648B,1.029B,1.901B,12.81B,17.14B,10.91B,203.15M,569.71M,454.40M
PNW,2019-03,-46.50M,6.109M,476.22M,559.48M,87.26M,0.16,0.16,268.00M,20.44B,264.31M,2019-03,307.15M,17.92M,-51.69M,-51.69M,14.04B,2.168B,4.940B,60.08M,513.68M,25.21M,2.418M,740.53M,5.251B,17.85B,2.644B,876.39M,1.591B,12.47B,16.98B,10.88B,204.22M,463.60M,361.19M
PNW,2018-12,-47.71M,5.766M,488.10M,576.40M,91.17M,0.23,0.23,262.90M,20.52B,268.27M,2018-12,294.09M,26.08M,-53.59M,-53.59M,13.77B,2.145B,4.638B,66.88M,575.94M,37.74M,6.795M,756.38M,5.223B,17.66B,2.634B,924.99M,1.649B,12.32B,16.74B,10.67B,201.39M,514.83M,400.99M
PNW,2018-09,-55.07M,64.99M,636.48M,728.20M,89.92M,2.81,2.8,268.63M,19.89B,631.55M,2018-09,308.58M,315.01M,-53.74M,-53.74M,13.56B,2.137B,4.487B,433.31M,528.93M,404.22M,84.33M,1.268B,5.354B,17.67B,2.630B,1.207B,1.735B,12.19B,16.46B,10.45B,198.25M,475.90M,561.87M
PNW,2018-06,-56.62M,3.839M,525.48M,1.216B,89.68M,1.49,1.48,257.04M,19.70B,448.64M,2018-06,310.96M,166.74M,-52.01M,-52.01M,13.45B,2.049B,4.192B,242.16M,550.72M,215.65M,44.04M,974.12M,5.032B,17.49B,2.625B,1.119B,2.239B,12.33B,16.37B,10.09B,206.48M,494.47M,525.17M
PNW,2018-03,-52.34M,15.44M,462.79M,951.90M,75.76M,0.03,0.03,262.52M,19.59B,229.92M,2018-03,305.88M,3.221M,-50.31M,-50.31M,13.36B,2.005B,4.291B,31.33M,451.43M,6.829M,-1.265M,692.71M,5.020B,17.15B,2.620B,957.40M,1.874B,11.99B,16.19B,10.12B,198.59M,400.10M,329.13M
PNW,2017-12,-45.00M,13.89M,475.04M,177.40M,70.39M,0.19,0.19,257.19M,19.70B,284.62M,2017-12,289.27M,21.63M,-48.87M,-48.87M,13.19B,2.010B,4.790B,85.55M,539.45M,47.28M,20.78M,759.66M,5.007B,17.02B,2.615B,1.016B,1.198B,11.88B,16.00B,10.69B,199.07M,483.06M,415.07M
PNW,2017-09,-42.12M,10.67M,541.31M,338.40M,69.69M,2.47,2.46,256.20M,18.94B,642.01M,2017-09,284.47M,276.07M,-48.73M,-48.73M,12.90B,3.489B,4.491B,459.55M,514.76M,425.26M,144.32M,1.183B,5.142B,16.98B,2.609B,1.174B,1.303B,11.70B,15.80B,10.40B,182.47M,465.54M,574.48M
PNW,2017-06,-43.63M,4.953M,475.60M,689.00M,72.58M,1.5,1.49,265.93M,18.65B,468.99M,2017-06,288.02M,167.44M,-49.68M,-49.68M,12.70B,3.354B,4.193B,297.26M,547.13M,261.28M,88.97M,944.59M,4.859B,16.67B,2.604B,1.068B,1.639B,11.68B,15.60B,10.04B,171.73M,494.08M,508.89M
PNW,2017-03,-42.86M,3.028M,438.47M,332.30M,76.15M,0.21,0.21,251.21M,18.69B,239.26M,2017-03,283.25M,23.31M,-46.92M,-46.92M,12.63B,3.257B,4.274B,67.41M,481.58M,32.40M,4.211M,677.73M,4.829B,16.19B,2.595B,795.00M,1.194B,11.23B,15.40B,10.03B,171.85M,433.01M,299.99M
PNW,2016-12,-43.82M,8.881M,471.91M,302.20M,82.52M,0.48,0.47,90.02M,18.98B,267.29M,2016-12,282.59M,53.25M,-45.20M,-45.20M,12.62B,3.244B,4.022B,102.44M,529.36M,85.43M,27.31M,739.20M,4.804B,16.00B,2.596B,822.22M,1.293B,11.07B,15.18B,9.775B,164.85M,476.52M,359.15M
PNW,2016-09,-42.15M,48.27M,553.69M,134.17M,78.26M,2.36,2.35,96.79M,18.24B,613.23M,2016-09,285.53M,263.03M,-46.91M,-46.91M,12.35B,3.221B,4.145B,451.26M,513.69M,409.35M,141.45M,1.167B,4.853B,15.81B,2.553B,977.49M,1.110B,10.81B,14.83B,9.704B,161.98M,467.56M,471.95M
PNW,2016-06,-43.72M,43.04M,517.13M,357.72M,81.58M,1.09,1.08,108.75M,17.87B,398.27M,2016-06,278.38M,121.31M,-47.36M,-47.36M,12.13B,3.081B,3.898B,231.75M,589.17M,191.92M,65.74M,915.39M,4.585B,15.54B,2.549B,963.39M,1.479B,10.82B,14.58B,9.341B,166.52M,531.24M,473.72M
PNW,2016-03,-43.77M,14.48M,464.48M,619.38M,91.91M,0.04,0.04,116.01M,17.58B,212.69M,2016-03,278.41M,4.453M,-45.40M,-45.40M,11.91B,3.023B,3.463B,50.16M,461.32M,11.24M,1.914M,677.17M,4.600B,15.19B,2.547B,826.02M,1.586B,10.44B,14.36B,8.859B,162.52M,416.84M,307.81M
PNW,2015-12,-44.75M,39.49M,454.76M,357.58M,82.76M,0.37,0.37,123.98M,17.66B,279.67M,2015-12,279.93M,41.12M,-44.62M,-44.62M,11.68B,3.026B,3.462B,109.83M,561.75M,68.82M,22.85M,734.43M,4.584B,15.03B,2.542B,890.52M,1.442B,10.31B,14.14B,8.866B,169.84M,505.44M,368.40M
PNW,2015-09,-63.99M,13.01M,584.30M,468.43M,84.68M,2.32,2.3,134.94M,17.01B,614.85M,2015-09,278.52M,257.12M,-45.70M,-45.70M,11.47B,2.983B,3.257B,445.11M,524.69M,401.53M,139.56M,1.199B,4.654B,14.88B,2.529B,1.062B,1.523B,10.08B,13.81B,8.560B,169.74M,484.65M,520.73M
PNW,2015-06,-65.60M,13.56M,492.44M,260.22M,88.99M,1.11,1.1,127.74M,16.84B,398.21M,2015-06,274.30M,122.90M,-43.82M,-43.82M,11.34B,2.911B,3.566B,231.97M,602.41M,194.88M,67.37M,890.65M,4.393B,14.70B,2.527B,1.032B,1.340B,10.18B,13.67B,8.836B,166.23M,547.86M,471.93M
PNW,2015-03,-66.38M,11.66M,438.18M,428.07M,88.92M,0.15,0.14,127.62M,16.65B,233.04M,2015-03,265.98M,16.12M,-44.07M,-44.07M,11.20B,2.887B,3.281B,67.68M,502.31M,28.67M,7.947M,671.22M,4.397B,14.44B,2.523B,935.44M,1.374B,9.883B,13.50B,8.509B,165.35M,460.21M,337.61M
PNW,2014-12,-68.14M,7.604M,517.33M,530.97M,72.31M,0.05,0.05,119.76M,16.85B,209.12M,2014-12,255.99M,5.41M,-44.02M,-44.02M,11.07B,2.884B,3.007B,60.18M,554.22M,14.54M,5.007M,726.45M,4.367B,14.29B,2.513B,973.44M,1.559B,9.770B,13.32B,8.211B,148.94M,501.61M,398.28M
PNW,2014-09,-62.40M,10.47M,605.78M,387.99M,73.47M,2.2,2.2,127.56M,16.18B,566.89M,2014-09,263.06M,243.96M,-44.04M,-44.04M,10.88B,2.806B,3.038B,421.78M,570.06M,382.84M,134.75M,1.173B,4.492B,13.98B,2.502B,1.041B,1.449B,9.336B,12.94B,7.888B,145.11M,528.77M,543.75M
PNW,2014-06,-74.22M,9.161M,502.08M,545.49M,74.78M,1.2,1.19,137.04M,16.28B,404.19M,2014-06,269.14M,132.46M,-47.47M,-47.47M,10.89B,2.698B,3.000B,254.11M,597.88M,215.92M,74.54M,906.26M,4.234B,13.69B,2.500B,999.07M,1.555B,9.308B,12.69B,7.754B,150.08M,545.14M,495.06M
PNW,2014-03,-74.90M,103.42M,462.67M,549.92M,94.90M,0.14,0.14,144.45M,16.17B,223.58M,2014-03,259.90M,15.77M,-48.95M,-48.95M,10.81B,2.627B,3.046B,75.17M,451.35M,31.10M,6.405M,686.25M,4.223B,13.45B,2.497B,897.93M,1.395B,9.073B,12.55B,7.678B,148.41M,403.96M,336.93M
PNW,2013-12,-78.05M,9.526M,475.35M,693.55M,76.10M,0.22,0.22,157.69M,16.40B,224.42M,2013-12,259.71M,24.26M,-46.18M,-46.18M,10.73B,2.619B,2.796B,83.90M,526.39M,41.98M,9.167M,699.76M,4.194B,13.51B,2.492B,1.044B,1.619B,9.168B,12.47B,7.550B,140.52M,478.04M,529.01M
PNW,2013-09,-89.34M,135.46M,584.28M,566.48M,77.25M,2.06,2.04,160.13M,15.47B,568.12M,2013-09,258.34M,226.16M,-47.24M,-47.24M,10.37B,2.589B,2.820B,415.69M,479.69M,366.63M,131.91M,1.152B,4.276B,13.82B,2.489B,1.350B,1.447B,9.401B,12.47B,7.954B,152.43M,433.88M,689.71M
PNW,2013-06,-104.46M,27.80M,506.88M,629.23M,78.80M,1.19,1.18,162.72M,15.33B,408.94M,2013-06,253.43M,131.21M,-47.20M,-47.20M,10.31B,2.404B,2.820B,259.81M,526.38M,216.64M,77.04M,915.82M,4.032B,13.56B,2.487B,1.066B,1.537B,9.393B,12.50B,7.856B,149.13M,477.18M,508.68M
PNW,2013-03,-107.93M,25.11M,453.93M,122.83M,80.78M,0.22,0.22,162.98M,15.26B,232.72M,2013-03,258.82M,24.44M,-45.41M,-45.41M,10.26B,2.173B,3.304B,86.92M,421.45M,45.30M,12.47M,686.65M,4.014B,13.30B,2.484B,871.78M,891.51M,9.149B,12.43B,8.257B,145.80M,376.63M,358.40M
PNW,2012-12,-114.01M,26.20M,448.00M,215.00M,79.69M,0.2,0.2,162.15M,15.52B,245.12M,2012-12,249.43M,22.63M,-47.64M,-47.64M,10.23B,2.361B,3.199B,101.29M,455.42M,53.06M,18.16M,693.12M,3.973B,13.38B,2.467B,1.006B,1.084B,9.277B,12.37B,8.194B,143.83M,406.04M,371.15M
PNW,2012-09,-119.48M,79.48M,523.62M,90.36M,76.85M,2.23,2.21,152.66M,14.97B,585.85M,2012-09,250.26M,244.82M,-48.10M,-48.10M,10.07B,2.221B,3.339B,447.97M,472.23M,399.99M,147.12M,1.109B,4.056B,13.46B,2.456B,1.099B,949.35M,9.275B,12.36B,8.325B,137.88M,421.34M,497.44M
PNW,2012-06,-150.32M,11.23M,480.96M,166.96M,74.90M,1.12,1.11,163.73M,14.80B,397.62M,2012-06,247.40M,122.34M,-49.45M,-49.45M,9.954B,2.058B,3.371B,254.49M,569.02M,207.62M,76.69M,878.58M,3.778B,13.21B,0,947.42M,1.104B,9.315B,12.27B,8.211B,143.13M,507.57M,482.76M
PNW,2012-03,-167.78M,20.71M,426.97M,318.31M,74.30M,-0.08,-0.08,170.20M,14.66B,193.66M,2012-03,240.14M,-8.257M,-53.21M,-53.21M,9.889B,2.252B,3.341B,48.01M,470.85M,-4.361M,-4.645M,620.63M,3.745B,13.18B,0,904.80M,1.158B,9.322B,12.28B,8.165B,145.65M,426.11M,349.12M
PNW,2011-12,-152.16M,33.58M,1.120B,477.44M,72.18M,0.11,0.11,170.57M,14.83B,-451.91M,2011-12,226.39M,12.56M,-54.27M,-54.27M,9.792B,2.042B,3.019B,78.72M,502.15M,26.92M,7.375M,667.89M,3.822B,13.11B,2.444B,956.47M,1.343B,9.180B,12.15B,7.838B,-530.62M,447.28M,412.14M
PNW,2011-09,-121.54M,564.71M,337.90M,876.36M,71.77M,2.34,2.32,176.40M,14.31B,786.94M,2011-09,228.52M,255.36M,-54.67M,-54.67M,9.625B,2.239B,3.047B,435.02M,529.33M,384.69M,131.42M,1.125B,3.894B,13.15B,0,1.591B,1.783B,9.147B,11.56B,7.364B,351.93M,473.15M,545.91M
PNW,2011-06,-142.68M,92.27M,244.05M,910.82M,124.56M,0.8,0.79,177.84M,14.15B,555.75M,2011-06,221.22M,86.68M,-59.60M,-59.60M,9.478B,1.946B,2.762B,196.99M,515.88M,144.00M,50.82M,799.80M,3.614B,12.47B,0,1.037B,1.831B,8.758B,11.44B,6.927B,358.76M,460.76M,454.42M
PNW,2011-03,-149.32M,114.19M,212.01M,849.58M,145.97M,-0.14,-0.14,182.86M,13.98B,436.84M,2011-03,181.57M,-15.14M,-57.11M,-57.11M,9.397B,2.039B,2.845B,35.78M,426.09M,-16.37M,-6.005M,648.85M,3.631B,12.30B,0,958.02M,1.674B,8.574B,11.34B,6.900B,401.06M,371.14M,395.82M
