Ticker,Date,Accrued Comprehensive Inc,Cash and Short Term Investments,Cost of Goods Sold,Current Debt & Capital Lease Obligation,Current Deferred Liabilities,EPS Basic,EPS Diluted,Goodwill and Intangibles,Gross PP&E,Gross Profit,Income (Quarterly),Inventories,Net Income,Net Non-Operating Interest Income Expense,Net Operating Interest Income,Net PP&E,Non-Current Deferred Liabilities,Non-Current Portion of LTD and Capital Lease Obligation,Operating Income,Payables and Accrued Expenses,Pre-Tax Income,Provision for Income Taxes,Revenue,SG&A Expense,Shareholders Equity,Total Assets,Total Capital Stock,Total Current Assets,Total Current Liabilities,Total Liabilities,Total Long Term Assets,Total Long Term Liabilities,Total Operating Expenses,Total Payables,Total Receivables
POOL,2021-03,-14.02M,27.08M,759.61M,73.67M,0,2.45,2.42,279.77M,318.87M,301.13M,2021-03,977.23M,98.66M,-2.582M,-2.582M,318.87M,31.13M,570.34M,129.03M,769.67M,126.45M,27.87M,1.061B,172.10M,657.93M,2.142B,0.04M,1.517B,843.34M,1.484B,624.40M,640.42M,172.10M,635.00M,122.94M
POOL,2020-12,-21.60M,34.13M,600.17M,72.80M,0,1.47,1.45,280.35M,484.14M,239.10M,2020-12,780.99M,59.17M,-3.061M,-3.061M,314.12M,27.65M,551.04M,74.35M,312.36M,71.29M,12.16M,839.26M,164.74M,639.47M,1.740B,0.04M,1.122B,483.25M,1.100B,617.74M,616.95M,164.74M,287.43M,122.25M
POOL,2020-09,-24.73M,74.75M,810.53M,68.69M,0,2.97,2.92,209.88M,289.32M,328.70M,2020-09,612.82M,119.10M,-1.861M,-1.861M,289.32M,29.48M,453.25M,148.23M,413.83M,146.37M,27.36M,1.139B,180.46M,589.50M,1.588B,0.04M,1.067B,482.52M,998.09M,520.91M,515.57M,180.46M,268.41M,135.56M
POOL,2020-06,-24.30M,44.18M,907.36M,66.18M,0,3.94,3.87,203.40M,294.38M,373.48M,2020-06,628.42M,157.56M,-2.643M,-2.643M,294.38M,29.40M,557.48M,205.86M,485.93M,203.21M,45.73M,1.281B,167.62M,486.79M,1.655B,0.04M,1.137B,552.12M,1.168B,517.65M,615.89M,167.62M,346.27M,144.84M
POOL,2020-03,-10.36M,17.81M,487.66M,72.06M,0,0.77,0.75,203.21M,288.64M,189.63M,2020-03,858.19M,30.91M,-4.789M,-4.789M,288.64M,30.46M,690.16M,42.53M,580.23M,30.80M,-0.025M,677.29M,147.10M,348.40M,1.748B,0.04M,1.238B,652.29M,1.399B,509.40M,747.09M,147.10M,517.62M,66.33M
POOL,2019-12,-13.80M,28.58M,420.18M,68.07M,0,0.45,0.44,199.63M,450.32M,162.05M,2019-12,702.27M,18.02M,-5.234M,-5.234M,288.94M,32.60M,621.67M,25.80M,285.46M,20.56M,2.592M,582.23M,136.25M,410.18M,1.483B,0.04M,973.57M,390.85M,1.073B,509.70M,682.24M,136.25M,271.78M,76.65M
POOL,2019-09,-11.08M,36.69M,640.57M,67.86M,0,1.99,1.95,199.37M,288.69M,257.93M,2019-09,616.22M,79.52M,-5.498M,-5.498M,288.69M,27.95M,657.12M,104.54M,295.77M,99.04M,19.59M,898.50M,153.39M,405.97M,1.481B,0.04M,973.09M,363.63M,1.075B,508.32M,711.80M,153.39M,214.31M,95.97M
POOL,2019-06,-11.05M,60.69M,791.01M,79.67M,0,3.3,3.22,200.17M,287.21M,330.31M,2019-06,694.45M,131.39M,-6.424M,-6.424M,287.21M,28.85M,787.74M,172.52M,423.96M,166.10M,34.78M,1.121B,157.79M,343.17M,1.691B,0.04M,1.183B,503.63M,1.347B,507.39M,843.79M,157.79M,342.34M,127.26M
POOL,2019-03,-11.00M,28.58M,422.82M,77.48M,0,0.83,0.8,200.22M,284.98M,174.63M,2019-03,815.74M,32.64M,-6.616M,-6.616M,284.98M,29.37M,800.01M,38.39M,520.14M,31.77M,-0.802M,597.46M,136.24M,224.88M,1.678B,0.04M,1.174B,597.62M,1.453B,504.78M,855.85M,136.24M,472.49M,72.35M
POOL,2018-12,0,16.36M,382.64M,9.168M,0,0.42,0.41,200.48M,248.61M,160.44M,2018-12,672.58M,16.81M,-6.447M,-6.447M,106.96M,29.40M,657.59M,25.97M,258.65M,19.52M,2.785M,543.08M,134.47M,223.59M,1.241B,0,915.24M,305.61M,1.017B,325.63M,711.67M,134.47M,246.17M,69.49M
POOL,2018-09,-7.635M,35.69M,576.31M,9.343M,0,1.71,1.66,201.33M,223.80M,235.00M,2018-09,609.98M,69.26M,-4.931M,-4.931M,109.94M,24.80M,571.36M,92.34M,280.34M,87.41M,18.21M,811.31M,142.67M,372.74M,1.284B,0.04M,952.91M,289.69M,911.02M,330.85M,621.33M,142.67M,204.71M,90.78M
POOL,2018-06,-8.855M,42.17M,749.15M,21.46M,0,2.89,2.8,201.67M,192.67M,308.66M,2018-06,606.58M,117.05M,-5.991M,-5.991M,113.05M,24.73M,635.66M,162.04M,383.50M,156.05M,39.06M,1.058B,146.61M,313.80M,1.404B,0.04M,1.070B,404.96M,1.090B,333.95M,685.52M,146.61M,300.23M,135.10M
POOL,2018-03,-5.554M,8.803M,419.83M,20.79M,0,0.78,0.75,202.68M,0,166.07M,2018-03,703.79M,31.34M,-3.527M,-3.527M,109.31M,24.95M,547.32M,33.54M,513.30M,30.01M,-1.279M,585.90M,132.53M,249.78M,1.380B,0.041M,1.051B,534.08M,1.130B,328.76M,595.80M,132.53M,467.80M,75.89M
POOL,2017-12,-7.328M,29.94M,364.78M,10.84M,0,0.64,0.62,202.66M,0,145.40M,2017-12,536.47M,25.66M,-3.581M,-3.581M,100.94M,24.58M,508.82M,17.26M,263.21M,13.68M,-11.97M,510.18M,128.14M,223.15M,1.101B,0.04M,782.25M,321.57M,877.92M,318.81M,556.35M,128.14M,253.22M,76.60M
POOL,2017-09,-7.749M,36.40M,526.80M,8.609M,0,1.2,1.16,202.23M,0,216.61M,2017-09,484.29M,48.78M,-4.009M,-4.009M,103.88M,27.24M,555.96M,81.93M,296.95M,77.92M,29.18M,743.40M,134.68M,210.54M,1.122B,0.04M,798.31M,305.56M,911.38M,323.61M,605.82M,134.68M,209.06M,90.14M
POOL,2017-06,-9.874M,26.67M,698.50M,14.90M,0,2.3,2.21,199.55M,0,289.66M,2017-06,542.80M,94.90M,-3.952M,-3.952M,106.79M,28.44M,538.58M,154.19M,371.53M,150.23M,55.65M,988.16M,135.48M,303.26M,1.279B,0.041M,955.27M,386.44M,975.88M,323.87M,589.44M,135.48M,273.31M,112.80M
POOL,2017-03,-12.54M,13.41M,392.82M,9.775M,0,0.54,0.52,198.23M,0,153.62M,2017-03,647.88M,22.28M,-3.647M,-3.647M,97.14M,29.23M,480.44M,31.00M,514.91M,27.35M,5.119M,546.44M,122.62M,222.65M,1.281B,0.041M,967.05M,524.68M,1.058B,313.82M,533.53M,122.62M,465.93M,61.26M
POOL,2016-12,-14.08M,21.96M,317.46M,1.105M,0,0.06,0.06,198.12M,0,127.78M,2016-12,486.12M,2.615M,-4.527M,-4.527M,83.29M,34.48M,436.94M,9.743M,248.03M,5.216M,2.687M,445.24M,118.03M,205.21M,994.10M,0.041M,695.56M,296.22M,788.88M,298.54M,492.66M,118.03M,239.15M,61.44M
POOL,2016-09,-13.85M,30.29M,491.88M,1.298M,0,1.06,1.03,199.13M,0,199.55M,2016-09,455.16M,44.53M,-2.989M,-2.989M,84.64M,28.36M,388.89M,74.17M,326.58M,71.18M,26.81M,691.43M,125.38M,271.98M,1.038B,0.042M,736.22M,327.87M,765.54M,301.30M,437.66M,125.38M,199.92M,81.07M
POOL,2016-06,-14.50M,30.55M,648.15M,6.823M,0,2.03,1.98,200.15M,0,270.74M,2016-06,493.25M,85.44M,-4.001M,-4.001M,85.39M,28.24M,493.78M,142.42M,380.34M,138.42M,53.21M,918.89M,128.32M,266.09M,1.196B,0.042M,893.39M,387.16M,929.57M,302.27M,542.41M,128.32M,265.35M,119.11M
POOL,2016-03,-12.82M,9.965M,372.23M,5.996M,0,0.39,0.38,185.44M,167.87M,143.02M,2016-03,595.39M,16.37M,-2.964M,-2.964M,78.21M,29.27M,444.46M,29.53M,488.08M,26.57M,10.23M,515.25M,113.49M,206.24M,1.193B,0.042M,907.67M,494.07M,987.01M,285.57M,492.94M,113.49M,438.70M,67.80M
POOL,2015-12,-13.73M,13.24M,296.78M,1.70M,0,0.06,0.06,184.61M,145.61M,118.30M,2015-12,474.28M,2.486M,-1.704M,-1.704M,69.85M,29.81M,326.34M,5.979M,261.88M,4.275M,1.648M,415.08M,112.32M,255.74M,934.36M,0.043M,661.74M,304.84M,678.62M,272.62M,373.77M,112.32M,255.44M,54.17M
POOL,2015-09,-13.20M,29.50M,461.49M,1.799M,0,0.92,0.9,183.54M,130.00M,184.29M,2015-09,412.59M,39.45M,-2.473M,-2.473M,66.30M,22.76M,393.07M,65.51M,247.88M,63.04M,23.70M,645.78M,118.78M,261.22M,942.40M,0.043M,676.18M,249.68M,681.17M,266.21M,431.50M,118.78M,170.58M,70.40M
POOL,2015-06,-9.852M,38.94M,603.60M,3.43M,0,1.8,1.75,184.46M,0,248.26M,2015-06,473.36M,77.92M,-1.90M,-1.90M,65.15M,23.64M,491.82M,129.13M,317.35M,127.23M,49.49M,851.86M,119.13M,258.74M,1.112B,0.043M,845.13M,320.78M,852.84M,266.45M,532.06M,119.13M,236.87M,93.71M
POOL,2015-03,-9.082M,5.048M,325.63M,1.529M,0,0.19,0.19,184.07M,0,124.80M,2015-03,559.26M,8.419M,-1.995M,-1.995M,62.51M,23.92M,394.56M,15.60M,408.18M,13.60M,5.292M,450.43M,109.20M,241.49M,1.084B,0.044M,817.19M,408.18M,842.92M,267.22M,434.74M,109.20M,376.00M,56.12M
POOL,2014-12,-3.662M,14.83M,270.42M,2.618M,0,-0.05,-0.05,185.92M,0,106.02M,2014-12,466.96M,-2.195M,-1.794M,-1.794M,56.48M,23.50M,319.31M,-0.732M,250.38M,-2.526M,-0.552M,376.44M,106.75M,244.35M,892.94M,0.044M,637.21M,291.91M,648.58M,255.72M,356.68M,106.75M,243.72M,51.01M
POOL,2014-09,0.648M,14.46M,439.29M,0.004M,0,0.8,0.78,187.04M,0,176.24M,2014-09,414.33M,34.84M,-1.864M,-1.864M,57.26M,19.93M,391.12M,58.46M,229.73M,56.59M,21.71M,615.54M,117.79M,252.66M,909.24M,0.043M,651.89M,232.35M,656.58M,257.35M,424.22M,117.79M,154.51M,69.85M
POOL,2014-06,2.239M,27.56M,601.26M,0.009M,0,1.65,1.61,184.52M,0,246.98M,2014-06,451.51M,73.86M,-1.894M,-1.894M,57.28M,19.98M,430.97M,122.50M,322.75M,120.60M,46.80M,848.24M,124.48M,271.32M,1.055B,0.044M,801.04M,322.75M,784.13M,254.41M,461.38M,124.48M,233.55M,97.53M
POOL,2014-03,2.181M,7.257M,292.24M,0,0,0.09,0.09,184.54M,0,114.10M,2014-03,527.30M,4.188M,-1.933M,-1.933M,55.21M,19.75M,324.23M,8.646M,398.07M,6.713M,2.604M,406.34M,105.45M,261.68M,1.013B,0.045M,761.04M,398.08M,751.52M,252.16M,353.45M,105.45M,370.00M,47.69M
POOL,2013-12,2.912M,8.006M,245.00M,0,0,-0.11,-0.11,182.17M,0,95.79M,2013-12,429.20M,-4.975M,-1.509M,-1.509M,52.33M,19.11M,246.42M,-6.814M,227.60M,-8.323M,-3.218M,340.79M,102.61M,286.18M,823.76M,0.045M,577.75M,263.91M,537.58M,246.01M,273.67M,102.61M,221.94M,45.14M
POOL,2013-09,0.418M,24.22M,415.60M,0.015M,0,0.7,0.68,180.37M,114.82M,162.56M,2013-09,365.60M,32.33M,-1.544M,-1.544M,51.54M,15.46M,260.43M,53.38M,207.51M,51.83M,19.50M,578.16M,109.18M,335.83M,826.87M,0.046M,583.93M,207.53M,491.04M,242.94M,283.51M,109.18M,142.78M,180.90M
POOL,2013-06,0.837M,26.94M,562.23M,0.02M,0,1.43,1.39,180.58M,101.28M,228.17M,2013-06,424.68M,66.53M,-2.081M,-2.081M,51.11M,15.26M,300.43M,111.99M,319.82M,109.91M,43.42M,790.39M,116.17M,346.61M,990.01M,0.047M,748.00M,319.84M,643.40M,242.01M,323.56M,116.17M,239.98M,281.06M
POOL,2013-03,1.002M,12.87M,265.60M,0.021M,0,0.07,0.07,180.78M,0,104.76M,2013-03,494.32M,3.44M,-1.614M,-1.614M,48.76M,14.21M,278.54M,6.932M,368.44M,5.318M,1.896M,370.36M,97.83M,284.98M,953.74M,0.046M,713.67M,368.46M,668.76M,240.07M,300.30M,97.83M,338.03M,188.29M
POOL,2012-12,-0.134M,12.46M,217.88M,0.023M,0,-0.17,-0.17,181.04M,0,88.94M,2012-12,400.31M,-7.997M,-1.105M,-1.105M,46.57M,13.45M,230.88M,-10.30M,229.96M,-11.40M,-3.276M,306.82M,99.24M,281.62M,780.58M,0.046M,543.10M,248.00M,498.95M,237.48M,250.96M,99.24M,199.79M,113.86M
POOL,2012-09,-0.216M,28.82M,376.53M,0.023M,0,0.46,0.45,181.25M,0,151.50M,2012-09,349.32M,21.38M,-1.687M,-1.687M,46.64M,31.83M,214.33M,47.96M,266.35M,39.32M,17.96M,528.03M,103.54M,312.47M,831.38M,0.047M,573.24M,266.37M,518.91M,258.14M,252.54M,103.54M,163.54M,175.46M
POOL,2012-06,0.554M,50.31M,534.77M,0.022M,0,1.38,1.34,188.60M,0,222.40M,2012-06,402.27M,64.94M,-2.20M,-2.20M,45.41M,32.14M,309.81M,108.13M,355.60M,105.93M,41.02M,757.18M,114.27M,302.38M,1.007B,0.047M,742.84M,355.63M,704.64M,264.17M,349.01M,114.27M,267.99M,270.09M
POOL,2012-03,2.01M,20.68M,257.39M,0.023M,0,0.08,0.08,188.82M,0,104.56M,2012-03,462.81M,3.651M,-1.477M,-1.477M,45.36M,32.96M,299.01M,6.021M,353.70M,4.544M,1.037M,361.95M,98.54M,281.57M,974.26M,0.048M,709.61M,353.72M,692.70M,264.66M,338.97M,98.54M,319.46M,201.79M
POOL,2011-12,2.22M,17.49M,189.59M,0.022M,0,-0.21,-0.21,188.84M,0,80.84M,2011-12,386.92M,-10.12M,-2.854M,-2.854M,41.39M,9.531M,247.30M,-12.79M,213.58M,-17.20M,-7.058M,270.42M,93.63M,279.75M,770.90M,0.047M,532.07M,226.60M,491.16M,238.84M,264.56M,93.63M,177.44M,109.27M
POOL,2011-09,3.023M,20.66M,355.68M,0.022M,0,0.5,0.5,190.47M,0,147.91M,2011-09,337.70M,24.17M,-1.641M,-1.641M,40.77M,26.55M,268.70M,40.91M,190.94M,39.27M,15.13M,503.58M,106.99M,304.50M,798.21M,0.048M,536.50M,190.96M,493.71M,261.71M,302.75M,106.99M,120.22M,160.65M
POOL,2011-06,3.754M,37.22M,494.98M,100.03M,0,1.21,1.19,190.74M,0,211.44M,2011-06,389.76M,58.58M,-1.824M,-1.824M,38.73M,26.15M,206.05M,97.92M,327.70M,96.10M,37.67M,706.42M,113.52M,302.96M,970.55M,0.048M,710.92M,427.73M,667.59M,259.63M,239.86M,113.52M,247.90M,266.03M
