Ticker,Date,Accrued Comprehensive Inc,Cash and Short Term Investments,Cost of Goods Sold,Current Debt & Capital Lease Obligation,EPS Basic,EPS Diluted,Goodwill and Intangibles,Gross PP&E,Gross Profit,Income (Quarterly),Inventories,Net Income,Net Non-Operating Interest Income Expense,Net Operating Interest Income,Net PP&E,Non-Current Deferred Liabilities,Non-Current Portion of LTD and Capital Lease Obligation,Operating Income,Payables and Accrued Expenses,Pre-Tax Income,Provision for Income Taxes,Research and Development Expense,Revenue,SG&A Expense,Shareholders Equity,Total Assets,Total Capital Stock,Total Current Assets,Total Current Liabilities,Total Liabilities,Total Long Term Assets,Total Long Term Liabilities,Total Operating Expenses,Total Payables,Total Receivables
PPG,2021-03,-2.73B,1.928B,2.232B,1.061B,1.59,1.58,7.454B,8.27B,1.649B,2021-03,1.914B,378.00M,-24.00M,-24.00M,3.903B,422.00M,6.012B,527.00M,3.815B,499.00M,114.00M,102.00M,3.881B,891.00M,5.839B,20.14B,969.00M,7.339B,5.12B,14.17B,12.80B,9.05B,1.122B,2.625B,3.034B
PPG,2020-12,-2.599B,1.922B,2.14B,758.00M,1.15,1.14,7.453B,8.323B,1.617B,2020-12,1.735B,272.00M,-26.00M,-26.00M,3.974B,435.00M,5.848B,517.00M,3.707B,345.00M,67.00M,100.00M,3.757B,882.00M,5.689B,19.56B,969.00M,6.798B,4.831B,13.74B,12.76B,8.91B,1.10B,2.424B,2.726B
PPG,2020-09,-2.788B,2.095B,2.026B,849.00M,1.87,1.86,6.349B,8.007B,1.659B,2020-09,1.672B,442.00M,-30.00M,-30.00M,3.726B,436.00M,5.498B,599.00M,3.482B,572.00M,124.00M,92.00M,3.685B,836.00M,5.31B,18.30B,969.00M,7.002B,4.613B,12.88B,11.30B,8.263B,1.06B,2.572B,2.843B
PPG,2020-06,-2.925B,2.297B,1.703B,1.859B,0.43,0.43,6.223B,7.867B,1.312B,2020-06,1.706B,102.00M,-36.00M,-36.00M,3.691B,397.00M,5.282B,337.00M,3.055B,126.00M,29.00M,86.00M,3.015B,766.00M,4.832B,18.17B,969.00M,7.077B,5.234B,13.23B,11.09B,7.998B,975.00M,0,2.673B
PPG,2020-03,-3.042B,1.936B,1.908B,1.622B,1.03,1.02,6.161B,7.712B,1.469B,2020-03,1.859B,243.00M,-23.00M,-23.00M,3.647B,399.00M,5.378B,334.00M,3.367B,319.00M,71.00M,101.00M,3.377B,905.00M,4.723B,18.06B,969.00M,7.066B,5.195B,13.23B,11.00B,8.032B,1.135B,0,2.804B
PPG,2019-12,-2.35B,1.273B,2.111B,683.00M,1.23,1.22,6.601B,7.847B,1.561B,2019-12,1.71B,292.00M,-24.00M,-24.00M,3.765B,452.00M,5.161B,432.00M,3.411B,398.00M,95.00M,109.00M,3.672B,894.00M,5.284B,17.71B,969.00M,6.17B,4.375B,12.30B,11.54B,7.93B,1.129B,0,2.756B
PPG,2019-09,-2.328B,1.49B,2.181B,801.00M,1.55,1.54,6.418B,7.568B,1.645B,2019-09,1.86B,367.00M,-23.00M,-23.00M,3.604B,455.00M,5.473B,518.00M,3.636B,481.00M,109.00M,107.00M,3.826B,887.00M,5.247B,18.06B,969.00M,6.817B,4.578B,12.71B,11.25B,8.131B,1.127B,0,3.028B
PPG,2019-06,-2.23B,1.016B,2.288B,821.00M,1.15,1.14,6.393B,7.623B,1.736B,2019-06,1.945B,272.00M,-28.00M,-28.00M,3.66B,382.00M,5.417B,565.00M,3.746B,363.00M,86.00M,111.00M,4.024B,934.00M,5.079B,17.96B,969.00M,6.707B,4.706B,12.77B,11.25B,8.062B,1.171B,0,3.332B
PPG,2019-03,-2.224B,839.00M,2.073B,821.00M,1.32,1.31,6.123B,7.489B,1.551B,2019-03,1.965B,312.00M,-25.00M,-25.00M,3.592B,447.00M,5.192B,439.00M,3.684B,419.00M,102.00M,105.00M,3.624B,889.00M,4.904B,17.37B,969.00M,6.409B,4.588B,12.36B,10.96B,7.773B,1.112B,0,3.197B
PPG,2018-12,-2.30B,963.00M,2.188B,651.00M,1.08,1.08,6.042B,6.633B,1.457B,2018-12,1.783B,258.00M,-25.00M,-25.00M,2.805B,429.00M,4.365B,380.00M,3.543B,342.00M,83.00M,105.00M,3.645B,855.00M,4.63B,16.02B,969.00M,5.961B,4.373B,11.28B,10.05B,6.91B,1.077B,0,2.845B
PPG,2018-09,-2.197B,1.16B,2.253B,15.00M,1.56,1.55,5.943B,6.618B,1.564B,2018-09,1.962B,378.00M,-25.00M,-25.00M,2.738B,460.00M,5.023B,465.00M,3.806B,451.00M,79.00M,110.00M,3.817B,867.00M,4.98B,16.72B,969.00M,6.741B,3.933B,11.64B,9.977B,7.707B,1.099B,2.682B,3.217B
PPG,2018-06,-2.275B,1.083B,2.379B,22.00M,1.51,1.51,5.906B,6.586B,1.752B,2018-06,1.956B,371.00M,-24.00M,-24.00M,2.738B,425.00M,5.048B,568.00M,3.893B,479.00M,104.00M,114.00M,4.131B,945.00M,4.884B,16.79B,969.00M,6.879B,4.047B,11.81B,9.915B,7.764B,1.184B,2.236B,3.438B
PPG,2018-03,-2.005B,1.404B,2.181B,19.00M,1.34,1.33,6.232B,6.749B,1.60B,2018-03,1.963B,334.00M,-21.00M,-21.00M,2.862B,471.00M,5.199B,459.00M,3.924B,421.00M,87.00M,112.00M,3.781B,906.00M,5.346B,17.54B,969.00M,7.11B,4.03B,12.08B,10.43B,8.047B,1.141B,0,3.343B
PPG,2017-12,-2.057B,1.491B,2.119B,12.00M,0.6,0.59,5.987B,6.594B,1.563B,2017-12,1.73B,151.00M,-20.00M,-20.00M,2.824B,442.00M,4.134B,419.00M,3.703B,377.00M,224.00M,116.00M,3.682B,908.00M,5.557B,16.54B,969.00M,6.477B,3.895B,10.87B,10.06B,6.971B,1.144B,0,2.903B
PPG,2017-09,-2.063B,2.328B,2.104B,616.00M,2.38,2.36,5.98B,6.467B,1.672B,2017-09,1.805B,610.00M,-22.00M,-22.00M,2.73B,445.00M,4.089B,547.00M,3.895B,523.00M,124.00M,114.00M,3.776B,894.00M,5.902B,17.62B,969.00M,7.638B,4.618B,11.60B,9.977B,6.987B,1.125B,0,3.155B
PPG,2017-06,-2.059B,1.617B,2.083B,619.00M,1.93,1.92,5.963B,6.339B,1.721B,2017-06,1.766B,496.00M,-22.00M,-22.00M,2.71B,390.00M,3.998B,620.00M,3.653B,659.00M,157.00M,112.00M,3.804B,876.00M,5.63B,16.98B,969.00M,7.145B,4.441B,11.24B,9.832B,6.801B,1.101B,0,3.191B
PPG,2017-03,-2.076B,1.389B,1.905B,604.00M,1.31,1.3,5.80B,6.775B,1.581B,2017-03,1.727B,337.00M,-21.00M,-21.00M,2.806B,400.00M,3.817B,479.00M,3.573B,446.00M,110.00M,110.00M,3.486B,882.00M,5.192B,16.15B,969.00M,6.646B,4.273B,10.87B,9.508B,6.595B,1.102B,0,3.057B
PPG,2016-12,-2.356B,1.863B,1.91B,629.00M,1.3,1.29,5.555B,6.005B,1.507B,2016-12,1.514B,340.00M,-23.00M,-23.00M,2.608B,417.00M,3.787B,415.00M,3.336B,131.00M,40.00M,115.00M,3.417B,868.00M,4.828B,15.77B,969.00M,6.574B,4.253B,10.86B,9.197B,6.603B,1.092B,0,2.654B
PPG,2016-09,-2.541B,975.00M,1.978B,652.00M,-0.69,-0.69,5.774B,6.784B,1.682B,2016-09,1.676B,-184.00M,-28.00M,-28.00M,2.863B,521.00M,3.752B,561.00M,3.567B,-426.00M,-220.00M,115.00M,3.66B,893.00M,5.031B,16.49B,969.00M,6.417B,4.46B,11.37B,10.07B,6.909B,1.121B,0,2.962B
PPG,2016-06,-2.749B,1.669B,1.988B,686.00M,1.38,1.37,5.675B,7.304B,1.794B,2016-06,1.803B,370.00M,-24.00M,-24.00M,2.95B,546.00M,4.426B,640.00M,3.577B,630.00M,285.00M,115.00M,3.782B,930.00M,5.346B,17.25B,969.00M,7.107B,4.375B,11.82B,10.14B,7.44B,1.154B,0,3.108B
PPG,2016-03,-2.643B,1.03B,1.817B,38.00M,1.3,1.29,5.913B,7.595B,1.594B,2016-03,1.863B,347.00M,-24.00M,-24.00M,3.038B,479.00M,4.226B,474.00M,3.616B,444.00M,109.00M,114.00M,3.411B,897.00M,5.161B,17.32B,969.00M,6.718B,4.556B,12.07B,10.60B,7.511B,1.12B,2.224B,3.106B
PPG,2015-12,-2.702B,1.455B,1.577B,281.00M,1.17,1.16,5.847B,6.749B,1.45B,2015-12,1.659B,314.00M,-23.00M,-23.00M,2.822B,460.00M,4.026B,390.00M,3.288B,352.00M,80.00M,112.00M,3.027B,869.00M,4.983B,17.08B,969.00M,6.712B,4.695B,12.01B,10.36B,7.312B,1.06B,2.244B,2.709B
PPG,2015-09,-2.592B,1.414B,2.049B,302.00M,1.6,1.59,5.867B,7.352B,1.676B,2015-09,1.841B,433.00M,-21.00M,-21.00M,2.919B,506.00M,4.25B,564.00M,3.611B,554.00M,133.00M,117.00M,3.725B,875.00M,5.111B,17.57B,969.00M,7.292B,4.77B,12.38B,10.28B,7.608B,1.112B,2.095B,3.062B
PPG,2015-06,-2.332B,1.182B,2.283B,293.00M,1.24,1.23,5.881B,7.319B,1.817B,2015-06,1.861B,337.00M,-24.00M,-24.00M,2.917B,501.00M,4.222B,615.00M,3.59B,452.00M,110.00M,123.00M,4.10B,954.00M,5.171B,17.60B,969.00M,7.374B,4.825B,12.34B,10.22B,7.515B,1.202B,0,3.286B
PPG,2015-03,-2.309B,1.17B,2.065B,621.00M,1.18,1.17,5.818B,7.24B,1.597B,2015-03,1.881B,322.00M,-18.00M,-18.00M,2.965B,624.00M,4.023B,444.00M,3.329B,430.00M,104.00M,119.00M,3.662B,914.00M,5.078B,17.37B,484.00M,7.084B,4.773B,12.21B,10.28B,7.437B,1.153B,0,2.961B
PPG,2014-12,-2.116B,1.183B,1.722B,481.00M,0.305,0.3,6.212B,7.47B,1.416B,2014-12,1.825B,83.00M,-350.00M,-350.00M,3.092B,666.00M,3.533B,361.00M,3.453B,-49.00M,-93.00M,117.00M,3.138B,870.00M,5.18B,17.54B,484.00M,6.443B,4.875B,12.27B,11.09B,7.395B,1.055B,0,2.815B
PPG,2014-09,-1.447B,3.038B,2.229B,394.00M,1.34,1.33,4.172B,7.183B,1.706B,2014-09,1.905B,371.00M,-34.00M,-34.00M,2.72B,241.00M,2.954B,526.00M,3.687B,499.00M,116.00M,120.00M,3.935B,941.00M,6.121B,17.09B,484.00M,8.898B,4.896B,10.88B,8.189B,5.986B,1.18B,0,2.968B
PPG,2014-06,-1.181B,2.913B,2.306B,425.00M,1.39,1.38,4.282B,7.522B,1.776B,2014-06,1.964B,386.00M,-35.00M,-35.00M,2.777B,271.00M,2.958B,550.00M,3.691B,524.00M,125.00M,126.00M,4.082B,985.00M,6.232B,17.30B,484.00M,9.035B,4.962B,10.98B,8.265B,6.017B,1.226B,0,3.184B
PPG,2014-03,-1.23B,3.039B,2.091B,19.00M,4.535,4.485,4.295B,7.42B,1.545B,2014-03,1.929B,1.262B,-35.00M,-35.00M,2.724B,281.00M,3.373B,406.00M,3.712B,372.00M,89.00M,120.00M,3.636B,900.00M,5.992B,17.12B,484.00M,8.888B,4.566B,11.03B,8.229B,6.462B,1.139B,0,3.016B
PPG,2013-12,-1.26B,1.745B,2.028B,34.00M,0.9,0.89,4.347B,7.681B,1.472B,2013-12,1.824B,254.00M,-35.00M,-35.00M,2.876B,249.00M,3.372B,377.00M,3.172B,316.00M,71.00M,119.00M,3.50B,905.00M,4.932B,15.86B,484.00M,7.214B,4.135B,10.66B,8.649B,6.53B,1.095B,0,2.736B
PPG,2013-09,-1.469B,2.249B,2.161B,27.00M,0.79,0.78,4.394B,7.449B,1.613B,2013-09,1.878B,226.00M,-37.00M,-37.00M,2.687B,216.00M,3.368B,473.00M,3.503B,247.00M,40.00M,117.00M,3.774B,910.00M,5.211B,16.64B,484.00M,8.12B,4.362B,11.16B,8.518B,6.795B,1.14B,1.903B,3.122B
PPG,2013-06,-1.639B,1.781B,2.263B,24.00M,1.19,1.175,4.311B,7.273B,1.62B,2013-06,1.862B,341.00M,-38.00M,-38.00M,2.637B,224.00M,3.355B,458.00M,3.343B,422.00M,98.00M,118.00M,3.883B,925.00M,5.042B,16.07B,484.00M,7.71B,4.106B,10.76B,8.356B,6.659B,1.162B,1.864B,3.223B
PPG,2013-03,-1.608B,2.38B,1.862B,48.00M,8.245,8.155,3.727B,7.042B,1.246B,2013-03,1.698B,2.41B,-43.00M,-43.00M,2.461B,235.00M,3.353B,290.00M,2.949B,241.00M,44.00M,109.00M,3.108B,746.00M,4.787B,15.38B,484.00M,7.726B,3.727B,10.34B,7.65B,6.608B,956.00M,0,2.824B
PPG,2012-12,-1.666B,2.393B,1.604B,642.00M,0.735,0.73,3.846B,9.03B,813.00M,2012-12,1.687B,227.00M,-44.00M,-44.00M,2.888B,231.00M,3.368B,92.00M,2.958B,47.00M,-11.00M,95.00M,2.417B,593.00M,4.063B,15.88B,484.00M,7.715B,4.461B,11.56B,8.163B,7.095B,721.00M,0,2.813B
PPG,2012-09,-1.704B,2.011B,1.983B,636.00M,1.105,1.09,3.772B,8.851B,1.425B,2012-09,1.777B,339.00M,-44.00M,-44.00M,2.759B,263.00M,3.365B,429.00M,3.105B,402.00M,92.00M,112.00M,3.408B,779.00M,3.861B,15.61B,484.00M,7.777B,4.49B,11.47B,7.829B,6.984B,996.00M,0,3.19B
PPG,2012-06,-1.793B,1.247B,2.066B,647.00M,1.185,1.17,3.711B,8.725B,1.462B,2012-06,1.775B,362.00M,-41.00M,-41.00M,2.719B,241.00M,2.964B,455.00M,3.16B,426.00M,98.00M,113.00M,3.528B,792.00M,3.461B,14.82B,484.00M,7.151B,4.565B,11.14B,7.666B,6.577B,1.007B,0,3.31B
PPG,2012-03,-1.653B,1.034B,1.946B,669.00M,0.04,0.04,3.861B,8.808B,1.387B,2012-03,1.83B,13.00M,-41.00M,-41.00M,2.785B,262.00M,2.988B,346.00M,3.133B,-47.00M,-31.00M,110.00M,3.333B,823.00M,3.293B,14.83B,484.00M,6.944B,4.558B,11.32B,7.89B,6.76B,1.041B,0,3.236B
PPG,2011-12,-1.80B,1.482B,968.00M,108.00M,0.705,0.695,3.785B,8.614B,817.00M,2011-12,1.607B,216.00M,-41.00M,-41.00M,2.721B,272.00M,3.574B,2.00M,2.888B,-91.00M,-80.00M,107.00M,1.785B,690.00M,3.249B,14.38B,484.00M,6.694B,3.702B,10.94B,7.688B,7.234B,815.00M,0,2.83B
PPG,2011-09,-1.464B,1.338B,2.353B,102.00M,0.99,0.98,3.872B,8.537B,1.496B,2011-09,1.737B,311.00M,-40.00M,-40.00M,2.669B,286.00M,3.59B,466.00M,3.105B,462.00M,120.00M,108.00M,3.849B,806.00M,3.662B,14.54B,484.00M,6.94B,3.788B,10.64B,7.603B,6.849B,1.03B,0,3.088B
PPG,2011-06,-1.083B,1.245B,2.417B,111.00M,1.075,1.06,4.151B,8.706B,1.569B,2011-06,1.821B,340.00M,-44.00M,-44.00M,2.759B,305.00M,3.613B,511.00M,3.199B,500.00M,128.00M,110.00M,3.986B,829.00M,4.054B,15.27B,484.00M,7.239B,3.922B,10.98B,8.028B,7.057B,1.058B,0,3.345B
