Ticker,Date,Accrued Comprehensive Inc,Cash and Short Term Investments,Current Debt & Capital Lease Obligation,EPS Basic,EPS Diluted,Goodwill and Intangibles,Income (Quarterly),Net Income,Net Loan Assets,Net Non-Operating Interest Income Expense,Net Operating Interest Income,Non-Current Deferred Liabilities,Non-Current Portion of LTD and Capital Lease Obligation,Payables and Accrued Expenses,Pre-Tax Income,Provision for Income Taxes,Revenue,SG&A Expense,Shareholders Equity,Total Assets,Total Capital Stock,Total Current Assets,Total Current Liabilities,Total Liabilities,Total Long Term Assets,Total Long Term Liabilities,Total Operating Expenses,Total Payables,Total Receivables
PRU,2020-12,30.74B,435.06B,1.225B,2.067,2.03,4.718B,2020-12,819.00M,76.70B,0,0,0,19.72B,12.02B,900.00M,-88.00M,16.03B,3.719B,67.42B,940.72B,6.00M,435.60B,13.25B,872.51B,559.40B,306.90B,3.719B,12.02B,540.00M
PRU,2020-09,30.00B,432.59B,1.413B,3.72,3.7,1.131B,2020-09,1.487B,76.04B,0,0,0,21.11B,12.11B,1.447B,-50.00M,15.42B,3.323B,66.22B,911.59B,6.00M,433.20B,13.52B,844.70B,546.80B,194.40B,3.323B,12.11B,603.00M
PRU,2020-06,30.84B,440.51B,1.43B,-6.12,-6.12,1.04B,2020-06,-2.409B,75.75B,0,0,0,21.06B,13.26B,-2.332B,115.00M,12.12B,3.347B,65.90B,915.39B,6.00M,441.19B,14.69B,848.88B,553.52B,193.23B,3.347B,13.26B,683.00M
PRU,2020-03,22.60B,430.40B,2.839B,-0.7,-0.7,1.07B,2020-03,-271.00M,75.66B,0,0,0,21.10B,11.12B,-338.00M,-58.00M,13.46B,3.524B,60.45B,873.71B,6.00M,430.40B,13.96B,812.64B,528.37B,190.95B,3.524B,11.12B,600.00M
PRU,2019-12,24.04B,413.17B,2.233B,2.815,2.794,2.573B,2019-12,1.128B,75.66B,0,0,0,19.62B,11.38B,1.344B,221.00M,19.22B,3.828B,63.12B,896.55B,6.00M,413.77B,13.61B,832.83B,529.10B,287.50B,3.828B,11.38B,0
PRU,2019-09,27.56B,417.76B,1.789B,3.47,3.44,1.106B,2019-09,1.418B,73.86B,0,0,0,20.08B,12.66B,1.725B,332.00M,15.10B,3.294B,65.80B,885.63B,6.00M,417.76B,14.45B,819.31B,527.72B,186.58B,3.294B,12.66B,0
PRU,2019-06,23.98B,405.05B,2.958B,1.73,1.71,1.227B,2019-06,708.00M,73.26B,0,0,0,18.79B,11.48B,876.00M,162.00M,15.39B,3.138B,61.66B,873.82B,6.00M,405.05B,14.44B,811.67B,516.85B,184.19B,3.138B,11.48B,0
PRU,2019-03,17.22B,387.91B,2.549B,2.25,2.22,1.575B,2019-03,932.00M,72.86B,0,0,0,19.53B,10.03B,1.14B,232.00M,15.09B,3.156B,55.01B,849.32B,6.00M,387.91B,12.58B,793.87B,499.33B,184.72B,3.156B,10.03B,0
PRU,2018-12,10.91B,375.69B,2.451B,2.04,1.999,5.211B,2018-12,842.00M,71.85B,0,0,0,18.33B,7.936B,1.053B,218.00M,18.43B,3.22B,48.62B,815.08B,6.00M,375.69B,10.39B,766.05B,482.69B,275.65B,3.22B,7.936B,0
PRU,2018-09,9.15B,359.40B,2.393B,3.97,3.9,1.962B,2018-09,1.672B,71.26B,0,0,0,18.35B,7.014B,1.838B,184.00M,16.15B,2.96B,46.72B,822.75B,6.00M,359.40B,9.407B,775.67B,470.08B,181.31B,2.96B,7.014B,0
PRU,2018-06,11.66B,362.14B,2.056B,0.46,0.46,2.027B,2018-06,197.00M,70.56B,0,0,0,17.67B,7.888B,250.00M,68.00M,14.66B,2.846B,48.23B,819.86B,6.00M,362.14B,9.944B,771.27B,469.95B,180.88B,2.846B,7.888B,0
PRU,2018-03,14.76B,376.35B,1.383B,3.19,3.14,1.995B,2018-03,1.363B,70.13B,0,0,0,19.10B,9.296B,1.693B,352.00M,13.76B,2.923B,51.83B,829.68B,6.00M,376.35B,10.68B,777.50B,476.55B,181.96B,2.923B,9.296B,0
PRU,2017-12,17.07B,368.32B,1.38B,8.886,8.701,1.591B,2017-12,3.765B,67.94B,0,0,0,18.69B,9.648B,1.116B,-2.758B,16.26B,3.102B,54.24B,832.14B,6.00M,368.32B,11.03B,777.62B,475.34B,264.36B,3.102B,9.648B,0
PRU,2017-09,16.60B,369.89B,2.358B,5.19,5.09,1.817B,2017-09,2.238B,67.14B,0,0,0,18.67B,12.51B,3.021B,800.00M,16.31B,2.921B,50.37B,821.13B,6.00M,369.89B,14.87B,770.57B,471.49B,179.85B,2.921B,12.51B,0
PRU,2017-06,16.36B,365.63B,1.779B,1.13,1.12,1.897B,2017-06,491.00M,66.63B,0,0,0,19.80B,11.63B,608.00M,125.00M,13.44B,2.983B,48.44B,812.59B,6.00M,365.63B,13.41B,763.95B,464.83B,180.21B,2.983B,11.63B,0
PRU,2017-03,14.64B,357.34B,1.415B,3.14,3.09,2.266B,2017-03,1.369B,65.55B,0,0,0,20.07B,10.60B,1.742B,395.00M,13.67B,2.909B,46.78B,797.36B,6.00M,357.34B,12.01B,750.39B,457.37B,179.81B,2.909B,10.60B,0
PRU,2016-12,14.62B,352.80B,1.133B,1.711,1.711,2.314B,2016-12,284.00M,64.53B,0,0,0,20.19B,10.41B,317.00M,35.00M,13.05B,2.958B,45.86B,783.96B,6.00M,352.80B,11.54B,737.87B,450.05B,256.84B,2.958B,10.41B,0
PRU,2016-09,24.92B,382.99B,907.00M,4.14,4.07,2.159B,2016-09,1.827B,64.30B,0,0,0,21.48B,15.33B,2.315B,501.00M,16.96B,2.983B,56.43B,819.86B,6.00M,382.99B,16.23B,762.89B,471.99B,179.92B,2.983B,15.33B,0
PRU,2016-06,24.67B,370.94B,676.00M,2.06,2.04,1.951B,2016-06,921.00M,63.38B,0,0,0,21.08B,15.14B,1.341B,431.00M,14.44B,3.026B,55.15B,796.49B,6.00M,370.94B,15.82B,741.31B,457.91B,175.77B,3.026B,15.14B,0
PRU,2016-03,19.07B,350.12B,969.00M,2.97,2.93,2.582B,2016-03,1.336B,62.60B,0,0,0,22.55B,12.13B,1.732B,368.00M,14.33B,2.812B,49.24B,773.00B,6.00M,350.12B,13.10B,723.73B,439.54B,174.71B,2.812B,12.13B,0
PRU,2015-12,12.28B,325.31B,1.216B,1.644,1.6,2.828B,2015-12,735.00M,62.22B,0,0,0,28.19B,8.714B,843.00M,110.00M,14.26B,2.894B,41.89B,757.26B,6.00M,325.31B,9.93B,715.33B,424.26B,252.64B,2.894B,8.714B,0
PRU,2015-09,13.46B,328.03B,1.833B,3.22,3.16,2.847B,2015-09,1.465B,61.67B,0,0,0,28.70B,9.644B,2.049B,584.00M,13.60B,2.773B,42.72B,754.53B,6.00M,328.03B,11.48B,711.76B,423.75B,177.67B,2.773B,9.644B,0
PRU,2015-06,13.40B,322.67B,3.621B,3.07,3.03,2.994B,2015-06,1.406B,60.22B,0,0,0,27.72B,9.239B,2.129B,679.00M,13.71B,2.483B,41.72B,762.73B,6.00M,322.67B,12.86B,720.44B,418.99B,175.02B,2.483B,9.239B,0
PRU,2015-03,17.75B,334.69B,3.013B,4.44,4.37,2.514B,2015-03,2.036B,59.17B,0,0,0,26.53B,11.39B,2.748B,699.00M,15.55B,2.762B,45.04B,778.61B,6.00M,334.69B,14.40B,733.04B,427.01B,173.88B,2.762B,11.39B,0
PRU,2014-12,16.05B,332.13B,3.839B,-3.194,-3.194,2.836B,2014-12,-1.459B,58.14B,0,0,0,25.89B,9.881B,-1.75B,-294.00M,15.72B,3.518B,41.77B,766.66B,6.00M,332.13B,13.72B,724.31B,425.28B,249.61B,3.518B,9.881B,0
PRU,2014-09,13.50B,333.70B,4.429B,1,0.99,3.394B,2014-09,512.00M,56.69B,0,0,0,27.99B,8.634B,284.00M,-234.00M,12.38B,2.789B,41.77B,764.15B,6.00M,333.70B,13.06B,721.80B,423.66B,180.74B,2.789B,8.634B,0
PRU,2014-06,13.08B,332.52B,3.804B,2.26,2.22,3.499B,2014-06,1.09B,54.93B,0,0,0,28.06B,8.504B,1.507B,404.00M,13.15B,2.802B,41.20B,765.54B,6.00M,332.52B,12.31B,723.73B,425.82B,180.28B,2.802B,8.504B,0
PRU,2014-03,10.80B,324.01B,4.019B,2.63,2.59,3.61B,2014-03,1.238B,54.22B,0,0,0,26.67B,6.86B,1.718B,473.00M,12.85B,2.698B,38.22B,746.74B,6.00M,324.01B,10.88B,707.87B,415.87B,177.54B,2.698B,6.86B,0
PRU,2013-12,8.681B,315.92B,2.669B,-0.94,-0.94,3.675B,2013-12,-460.00M,52.77B,0,0,0,26.86B,5.422B,-882.00M,-453.00M,9.939B,2.943B,35.28B,731.78B,6.00M,315.92B,8.091B,695.90B,405.35B,240.36B,2.943B,5.422B,0
PRU,2013-09,6.899B,318.90B,3.118B,2.07,2.04,3.837B,2013-09,1.027B,51.36B,0,0,0,26.06B,4.943B,1.526B,497.00M,11.31B,2.658B,34.36B,723.13B,6.00M,318.90B,8.061B,688.01B,406.13B,176.75B,2.658B,4.943B,0
PRU,2013-06,8.449B,315.98B,2.62B,-1.12,-1.12,3.846B,2013-06,-514.00M,49.81B,-1.463B,-1.463B,0,25.79B,5.106B,-769.00M,-275.00M,10.04B,2.727B,35.15B,705.62B,6.00M,315.98B,7.726B,669.71B,400.49B,175.05B,2.727B,5.106B,0
PRU,2013-03,12.42B,330.06B,2.228B,-1.58,-1.58,4.167B,2013-03,-720.00M,50.40B,0,0,0,27.38B,8.039B,-1.559B,-827.00M,10.17B,2.683B,39.96B,724.10B,6.00M,330.06B,10.27B,683.43B,415.93B,175.79B,2.683B,8.039B,0
PRU,2012-12,10.21B,334.16B,2.484B,-0.35,-0.35,3.248B,2012-12,-181.00M,48.31B,0,0,0,26.31B,8.512B,-568.00M,-381.00M,45.94B,2.94B,38.50B,709.24B,6.00M,334.16B,11.00B,670.12B,410.63B,240.15B,2.94B,8.512B,0
PRU,2012-09,9.65B,23.20B,3.013B,-1.34,-1.34,3.845B,2012-09,-584.00M,48.52B,0,0,0,23.84B,8.896B,-930.00M,-328.00M,13.14B,2.742B,38.68B,671.70B,6.00M,23.20B,11.91B,632.33B,385.59B,31.88B,2.742B,8.896B,0
PRU,2012-06,8.29B,23.21B,3.226B,4.75,4.69,0,2012-06,2.224B,47.90B,0,0,0,24.30B,8.566B,2.969B,743.00M,16.14B,2.652B,38.02B,647.46B,6.00M,23.21B,11.79B,608.83B,374.43B,32.44B,2.652B,8.566B,0
PRU,2012-03,7.226B,22.13B,3.655B,-2.03,-2.03,0,2012-03,-939.00M,47.04B,0,0,0,24.38B,7.552B,-763.00M,179.00M,9.623B,2.76B,34.94B,637.74B,6.00M,22.13B,11.21B,602.20B,363.23B,31.58B,2.76B,7.552B,0
PRU,2011-12,5.245B,285.56B,2.336B,1.29,1.27,0,2011-12,688.00M,46.99B,0,0,0,25.15B,6.558B,846.00M,203.00M,11.74B,2.867B,34.25B,620.24B,6.00M,285.56B,8.894B,585.40B,364.48B,208.18B,2.867B,6.558B,0
PRU,2011-09,5.292B,23.43B,2.899B,3.22,3.18,0,2011-09,1.594B,45.88B,0,0,0,23.92B,8.319B,2.406B,860.00M,14.93B,2.665B,37.15B,611.47B,6.00M,23.43B,11.22B,573.67B,361.58B,33.34B,4.175B,8.319B,0
PRU,2011-06,4.014B,21.51B,2.152B,1.6,1.58,0,2011-06,789.00M,44.90B,0,0,0,24.58B,6.542B,1.084B,292.00M,12.24B,2.689B,35.04B,613.38B,6.00M,21.51B,8.694B,577.74B,348.73B,30.96B,3.20B,6.542B,0
PRU,2011-03,2.564B,18.01B,2.432B,1.12,1.1,0,2011-03,561.00M,44.23B,0,0,0,24.03B,5.602B,628.00M,160.00M,10.17B,2.384B,32.70B,599.01B,6.00M,18.01B,8.034B,565.76B,341.94B,29.78B,2.738B,5.602B,0
