Ticker,Date,Accrued Comprehensive Inc,Cash and Short Term Investments,Cost of Goods Sold,Current Debt & Capital Lease Obligation,Current Deferred Liabilities,EPS Basic,EPS Diluted,Goodwill and Intangibles,Gross PP&E,Gross Profit,Income (Quarterly),Inventories,Net Income,Net Non-Operating Interest Income Expense,Net Operating Interest Income,Net PP&E,Non-Current Deferred Liabilities,Non-Current Portion of LTD and Capital Lease Obligation,Operating Income,Payables and Accrued Expenses,Pre-Tax Income,Provision for Income Taxes,Research and Development Expense,Revenue,SG&A Expense,Shareholders Equity,Total Assets,Total Capital Stock,Total Current Assets,Total Current Liabilities,Total Liabilities,Total Long Term Assets,Total Long Term Liabilities,Total Operating Expenses,Total Payables,Total Receivables
PTC,2020-12,-90.86M,398.70M,86.83M,30.13M,424.70M,0.2,0.2,1.861B,243.53M,342.22M,2020-12,0,23.52M,-11.52M,-11.52M,243.53M,21.21M,1.164B,90.58M,163.02M,77.41M,53.89M,70.84M,429.05M,174.25M,1.495B,3.449B,1.167M,936.20M,712.24M,1.954B,2.513B,1.242B,251.64M,39.82M,415.84M
PTC,2020-09,-103.37M,303.59M,84.62M,34.64M,416.80M,0.46,0.45,1.863B,610.46M,306.37M,2020-09,0,53.41M,-15.25M,-15.25M,251.43M,22.09M,1.186B,67.99M,128.23M,55.38M,1.975M,69.88M,390.98M,161.75M,1.438B,3.383B,1.161M,833.45M,680.76M,1.944B,2.549B,1.264B,238.38M,31.92M,415.22M
PTC,2020-06,-110.21M,403.26M,79.22M,36.75M,395.85M,0.3,0.3,1.852B,252.66M,272.50M,2020-06,0,34.68M,-18.96M,-18.96M,252.66M,25.93M,1.304B,63.16M,143.97M,44.52M,9.838M,61.43M,351.72M,140.30M,1.328B,3.376B,1.16M,847.24M,666.29M,2.049B,2.529B,1.382B,209.33M,46.66M,319.24M
PTC,2020-03,-113.50M,861.03M,83.03M,535.89M,407.41M,0.06,0.06,1.854B,261.16M,276.58M,2020-03,0,7.156M,-31.02M,-31.02M,261.16M,29.33M,1.319B,68.27M,164.97M,15.78M,8.622M,59.95M,359.60M,141.07M,1.274B,3.866B,1.157M,1.341B,1.192B,2.592B,2.525B,1.400B,208.31M,49.69M,352.67M
PTC,2019-12,-103.86M,266.28M,87.40M,33.91M,359.50M,0.31,0.31,1.872B,270.66M,268.70M,2019-12,0,35.46M,-12.10M,-12.10M,270.66M,29.16M,1.316B,44.46M,152.08M,19.03M,-16.42M,65.31M,356.11M,152.16M,1.248B,3.280B,1.155M,739.17M,631.51M,2.032B,2.541B,1.400B,224.25M,64.92M,344.41M
PTC,2019-09,-110.71M,297.47M,85.42M,0,385.51M,0.09,0.09,1.408B,440.07M,249.59M,2019-09,0,9.826M,-13.47M,-13.47M,105.53M,52.81M,669.13M,52.20M,163.88M,33.78M,23.96M,64.11M,335.00M,127.22M,1.202B,2.665B,1.149M,782.62M,638.16M,1.463B,1.882B,824.44M,197.39M,59.85M,372.74M
PTC,2019-06,-93.01M,300.94M,82.70M,0,374.29M,-0.13,-0.13,1.428B,392.77M,212.78M,2019-06,0,-14.76M,-9.816M,-9.816M,107.75M,45.64M,698.92M,9.296M,148.08M,-0.485M,14.27M,60.59M,295.49M,136.98M,1.216B,2.649B,1.151M,752.66M,601.22M,1.433B,1.896B,831.78M,203.48M,52.29M,321.43M
PTC,2019-03,-95.12M,319.73M,79.90M,0,381.39M,-0.37,-0.37,1.422B,0,210.55M,2019-03,0,-43.51M,-10.38M,-10.38M,106.84M,46.74M,738.70M,4.122M,143.58M,-33.42M,10.09M,61.40M,290.45M,139.09M,1.248B,2.716B,1.181M,790.60M,598.38M,1.468B,1.925B,869.73M,206.42M,43.26M,352.22M
PTC,2018-12,-95.11M,302.59M,77.35M,0,325.11M,0.18,0.18,1.436B,0,257.34M,2018-12,0,20.98M,-9.276M,-9.276M,107.36M,46.46M,778.48M,48.54M,141.38M,20.42M,-0.562M,60.78M,334.69M,142.08M,1.321B,2.753B,1.187M,799.98M,540.97M,1.432B,1.953B,890.83M,208.80M,57.65M,385.67M
PTC,2018-09,-85.58M,285.78M,78.13M,0,487.59M,0.12,0.11,1.383B,0,234.40M,2018-09,0,13.19M,-13.10M,-13.10M,80.61M,17.44M,643.27M,13.46M,145.90M,0.669M,-12.52M,62.40M,312.52M,150.76M,874.59M,2.329B,1.18M,633.78M,735.28M,1.454B,1.695B,719.15M,220.94M,71.52M,129.30M
PTC,2018-06,-78.57M,288.91M,81.63M,0,474.96M,0.15,0.14,1.397B,355.18M,233.14M,2018-06,0,17.00M,-9.746M,-9.746M,64.46M,14.86M,693.05M,23.17M,102.75M,9.971M,-7.026M,61.22M,314.78M,140.90M,834.38M,2.256B,1.155M,588.21M,665.11M,1.421B,1.667B,756.14M,209.97M,44.46M,130.08M
PTC,2018-03,-62.43M,322.57M,83.71M,0,487.28M,0.07,0.07,1.422B,332.44M,224.18M,2018-03,0,7.922M,-10.38M,-10.38M,59.21M,16.20M,642.84M,22.32M,119.50M,11.55M,3.624M,62.20M,307.88M,131.76M,927.72M,2.329B,1.163M,649.16M,689.33M,1.401B,1.680B,711.76M,201.85M,45.87M,127.15M
PTC,2017-12,-69.09M,311.82M,83.04M,0,419.72M,0.12,0.12,1.428B,0,223.61M,2017-12,0,13.88M,-10.05M,-10.05M,61.22M,17.37M,742.62M,17.42M,113.25M,6.471M,-7.406M,63.97M,306.64M,134.40M,889.10M,2.306B,1.161M,619.46M,604.34M,1.417B,1.686B,812.51M,206.19M,48.35M,131.06M
PTC,2017-09,-73.91M,298.41M,82.29M,0,446.30M,0.15,0.15,1.441B,0,224.09M,2017-09,0,17.44M,-8.961M,-8.961M,63.60M,30.49M,712.41M,18.08M,121.66M,5.454M,-11.98M,60.55M,306.38M,137.34M,885.44M,2.360B,1.153M,666.56M,678.91M,1.475B,1.694B,796.04M,206.01M,40.90M,152.30M
PTC,2017-06,-95.32M,279.97M,82.27M,0,455.32M,-0.01,-0.01,1.445B,0,209.02M,2017-06,0,-0.951M,-10.60M,-10.60M,63.44M,32.20M,712.19M,12.81M,101.04M,0.699M,1.65M,59.85M,291.29M,128.40M,835.38M,2.292B,1.154M,609.46M,650.94M,1.456B,1.682B,805.44M,196.22M,31.47M,128.56M
PTC,2017-03,-109.55M,266.87M,81.83M,0,481.88M,-0.01,-0.01,1.442B,0,198.21M,2017-03,0,-1.104M,-8.569M,-8.569M,63.43M,26.22M,711.98M,7.977M,110.41M,-1.056M,0.048M,57.71M,280.04M,124.58M,847.34M,2.334B,1.158M,671.72M,683.94M,1.486B,1.662B,802.46M,190.23M,26.88M,142.62M
PTC,2016-12,-113.86M,196.10M,82.12M,0,364.93M,-0.08,-0.08,1.453B,0,204.21M,2016-12,0,-9.141M,-11.06M,-11.06M,65.88M,24.99M,731.76M,10.85M,103.23M,-6.503M,2.638M,57.91M,286.33M,127.38M,818.96M,2.197B,1.156M,513.19M,556.73M,1.378B,1.684B,821.25M,193.37M,25.94M,132.85M
PTC,2016-09,-99.95M,296.63M,82.86M,0,400.42M,-0.25,-0.25,1.480B,0,205.38M,2016-09,0,-28.47M,-6.565M,-6.565M,67.11M,26.99M,751.60M,-1.343M,108.47M,-43.37M,-14.90M,57.93M,288.24M,140.63M,842.67M,2.346B,1.15M,642.59M,654.52M,1.503B,1.703B,848.54M,206.72M,24.32M,161.36M
PTC,2016-06,-94.56M,306.01M,82.47M,0,411.00M,0.03,0.03,1.493B,0,206.18M,2016-06,0,3.073M,-8.30M,-8.30M,62.91M,34.78M,778.12M,10.41M,101.04M,-0.704M,-3.777M,57.12M,288.65M,130.36M,862.66M,2.339B,1.15M,635.29M,603.89M,1.476B,1.704B,872.59M,195.77M,24.03M,151.72M
PTC,2016-03,-91.36M,368.46M,80.19M,0,431.90M,-0.05,-0.05,1.511B,0,192.44M,2016-03,0,-5.173M,-5.327M,-5.327M,62.87M,29.72M,838.12M,6.337M,93.75M,-3.569M,1.604M,56.61M,272.63M,121.09M,854.10M,2.412B,1.146M,741.39M,618.81M,1.557B,1.670B,938.59M,186.10M,22.04M,146.67M
PTC,2015-12,-100.50M,296.80M,80.15M,50.00M,373.77M,-0.21,-0.21,1.404B,303.13M,210.87M,2015-12,0,-23.89M,-6.253M,-6.253M,60.88M,29.20M,718.12M,23.86M,110.89M,-19.54M,4.347M,57.67M,291.02M,121.00M,835.94M,2.216B,1.145M,659.59M,579.39M,1.380B,1.556B,800.57M,187.02M,16.28M,161.40M
PTC,2015-09,-91.74M,273.42M,76.36M,43.75M,369.86M,0.08,0.08,1.360B,286.51M,236.21M,2015-09,0,-5.554M,-9.985M,-9.985M,65.16M,60.97M,618.12M,45.51M,114.98M,-26.21M,-20.66M,52.18M,312.57M,130.08M,860.17M,2.210B,1.137M,704.68M,617.26M,1.350B,1.505B,732.48M,190.70M,17.37M,197.28M
PTC,2015-06,-130.07M,275.06M,79.38M,37.50M,371.96M,0.15,0.15,1.377B,272.22M,223.74M,2015-06,0,17.44M,-0.37M,-0.37M,65.02M,47.89M,580.62M,26.00M,110.13M,17.94M,0.504M,54.08M,303.11M,134.55M,830.32M,2.147B,1.142M,635.20M,638.19M,1.316B,1.511B,678.08M,197.74M,21.40M,183.14M
PTC,2015-03,-132.08M,267.82M,86.05M,31.25M,404.05M,0.05,0.05,1.286B,0,228.06M,2015-03,0,5.392M,-3.60M,-3.60M,65.19M,47.84M,493.12M,42.48M,87.18M,0.387M,-5.005M,60.16M,314.12M,116.26M,854.22M,2.109B,1.15M,706.25M,660.74M,1.254B,1.402B,593.67M,185.59M,28.20M,201.38M
PTC,2014-12,-112.83M,261.05M,92.94M,25.00M,386.47M,0.26,0.26,1.320B,0,232.50M,2014-12,0,30.28M,-3.20M,-3.20M,65.77M,47.90M,574.38M,37.38M,77.57M,34.41M,4.123M,61.10M,325.44M,124.61M,855.45M,2.137B,1.149M,696.06M,588.98M,1.282B,1.441B,692.79M,195.12M,22.20M,201.39M
PTC,2014-09,-94.37M,293.65M,95.85M,15.62M,370.12M,0.33,0.33,1.349B,0,270.85M,2014-09,0,38.76M,1.662M,1.662M,67.78M,49.87M,586.88M,62.93M,86.67M,32.37M,-6.387M,60.39M,366.71M,139.18M,853.89M,2.200B,1.15M,732.17M,626.67M,1.346B,1.468B,719.40M,207.92M,29.13M,235.69M
PTC,2014-06,-48.18M,304.17M,91.08M,12.50M,364.68M,0.32,0.32,1.139B,0,245.56M,2014-06,0,38.03M,-2.30M,-2.30M,63.58M,50.91M,299.38M,54.90M,78.55M,52.11M,14.08M,57.40M,336.63M,125.26M,972.47M,1.958B,1.173M,711.23M,548.35M,985.74M,1.247B,437.39M,190.66M,78.55M,228.62M
PTC,2014-03,-51.17M,270.47M,93.80M,15.00M,359.79M,0.37,0.36,1.149B,0,234.90M,2014-03,0,43.76M,-2.70M,-2.70M,60.63M,51.37M,305.62M,51.21M,73.92M,48.52M,4.765M,55.63M,328.70M,120.07M,982.42M,1.959B,1.186M,703.44M,525.82M,976.70M,1.256B,450.89M,183.69M,73.92M,221.29M
PTC,2013-12,-49.20M,371.38M,92.96M,15.00M,293.61M,0.33,0.33,1.029B,0,231.97M,2013-12,0,39.66M,-1.80M,-1.80M,63.15M,48.43M,353.12M,55.94M,71.37M,53.12M,13.46M,53.07M,324.92M,115.17M,968.65M,1.905B,1.195M,769.10M,455.94M,936.09M,1.136B,480.16M,176.03M,71.37M,212.57M
PTC,2013-09,-51.16M,241.91M,91.53M,0,327.80M,0.47,0.47,1.042B,0,253.32M,2013-09,0,56.47M,-3.614M,-3.614M,64.65M,52.05M,243.12M,66.85M,73.08M,48.41M,-8.059M,55.13M,344.84M,124.64M,926.48M,1.829B,1.185M,680.22M,528.61M,902.43M,1.149B,373.81M,186.46M,23.28M,229.11M
PTC,2013-06,-74.84M,257.03M,91.17M,9.375M,321.03M,0.29,0.29,1.014B,291.83M,223.83M,2013-06,0,34.46M,3.20M,3.20M,61.48M,50.86M,258.75M,46.35M,76.27M,46.40M,11.94M,53.83M,315.00M,117.11M,850.70M,1.757B,1.19M,639.95M,494.03M,906.07M,1.117B,412.04M,177.48M,76.27M,200.88M
PTC,2013-03,-73.66M,240.81M,93.27M,7.50M,341.25M,0.14,0.14,1.027B,276.42M,220.68M,2013-03,0,17.04M,-1.90M,-1.90M,62.73M,54.99M,300.62M,37.05M,69.14M,19.38M,2.34M,55.53M,313.95M,121.46M,827.80M,1.785B,1.196M,645.24M,499.07M,957.02M,1.140B,457.95M,183.62M,69.14M,213.25M
PTC,2012-12,-67.00M,248.39M,97.07M,5.625M,294.15M,0.3,0.29,1.048B,0,222.68M,2012-12,0,35.81M,-1.80M,-1.80M,66.11M,56.23M,362.50M,29.26M,73.98M,12.05M,-23.76M,57.43M,319.75M,129.37M,825.96M,1.803B,1.199M,633.50M,453.32M,976.69M,1.169B,523.37M,193.42M,73.98M,221.69M
PTC,2012-09,-72.50M,489.54M,87.84M,7.50M,315.71M,-0.71,-0.71,796.23M,0,237.46M,2012-09,0,-83.98M,4.074M,4.074M,63.47M,44.07M,362.50M,57.60M,66.32M,56.16M,140.14M,52.13M,325.30M,122.86M,797.26M,1.792B,1.196M,879.15M,481.74M,994.38M,912.48M,512.63M,179.85M,66.32M,217.37M
PTC,2012-06,-71.98M,238.05M,92.85M,0,311.72M,0.19,0.19,799.74M,0,218.13M,2012-06,0,22.90M,-0.30M,-0.30M,61.85M,36.74M,140.00M,35.21M,74.81M,30.78M,7.884M,53.26M,310.98M,124.56M,863.00M,1.611B,1.188M,607.97M,482.30M,748.46M,1.003B,266.16M,182.92M,23.28M,203.26M
PTC,2012-03,-61.12M,224.11M,93.22M,0,328.49M,0.03,0.03,821.73M,0,207.91M,2012-03,0,3.569M,-3.00M,-3.00M,64.02M,37.87M,160.00M,27.70M,89.24M,3.936M,0.367M,54.58M,301.12M,120.50M,857.99M,1.659B,1.195M,631.26M,506.53M,800.62M,1.027B,294.09M,180.20M,35.06M,204.44M
PTC,2011-12,-69.69M,187.35M,98.22M,0,272.12M,0.19,0.18,822.07M,0,220.06M,2011-12,0,22.12M,-2.60M,-2.60M,62.16M,39.92M,200.00M,32.50M,85.15M,29.86M,7.739M,54.99M,318.28M,127.35M,847.73M,1.613B,1.186M,588.29M,428.39M,765.66M,1.025B,337.26M,187.55M,29.19M,221.44M
PTC,2011-09,-64.76M,167.88M,98.53M,0,284.38M,0.32,0.32,835.41M,0,240.90M,2011-09,0,37.62M,-0.366M,-0.366M,62.57M,40.31M,200.00M,51.25M,89.04M,47.66M,10.04M,55.73M,339.42M,128.47M,822.69M,1.630B,1.169M,592.26M,465.32M,806.99M,1.037B,341.67M,189.65M,28.87M,230.22M
PTC,2011-06,-41.80M,260.75M,90.41M,0,308.05M,0.13,0.13,851.88M,0,201.37M,2011-06,0,15.53M,0.20M,0.20M,60.70M,63.58M,250.00M,24.53M,90.45M,18.26M,2.733M,51.10M,291.78M,120.99M,802.14M,1.682B,1.175M,618.26M,485.23M,879.37M,1.063B,394.14M,176.84M,24.29M,186.87M
PTC,2011-03,-44.47M,259.50M,81.77M,0,294.42M,0.16,0.16,541.75M,0,187.42M,2011-03,0,19.02M,0.50M,0.50M,55.78M,27.05M,0,24.23M,70.92M,23.40M,4.387M,53.05M,269.19M,105.88M,803.03M,1.347B,1.188M,625.00M,437.71M,544.07M,722.10M,106.36M,163.19M,16.01M,178.56M
