Ticker,Date,Accrued Comprehensive Inc,Cash and Short Term Investments,Cost of Goods Sold,Current Debt & Capital Lease Obligation,Current Deferred Liabilities,EPS Basic,EPS Diluted,Goodwill and Intangibles,Gross PP&E,Gross Profit,Income (Quarterly),Inventories,Net Income,Net Non-Operating Interest Income Expense,Net Operating Interest Income,Net PP&E,Non-Current Deferred Liabilities,Non-Current Portion of LTD and Capital Lease Obligation,Operating Income,Payables and Accrued Expenses,Pre-Tax Income,Provision for Income Taxes,Revenue,SG&A Expense,Shareholders Equity,Total Assets,Total Capital Stock,Total Current Assets,Total Current Liabilities,Total Liabilities,Total Long Term Assets,Total Long Term Liabilities,Total Operating Expenses,Total Payables,Total Receivables
PVH,2021-01,-519.10M,1.651B,963.50M,462.50M,55.80M,-0.8115,-0.8115,6.472B,4.259B,1.126B,2021-01,1.417B,-57.70M,-34.50M,-34.50M,2.508B,416.60M,4.944B,-47.40M,2.064B,-8.20M,49.90M,2.090B,1.174B,4.730B,13.29B,86.30M,3.944B,2.582B,8.563B,9.350B,5.981B,1.174B,1.124B,666.60M
PVH,2020-10,-614.30M,1.46B,1.017B,468.10M,25.60M,0.98,0.98,6.345B,2.567B,1.101B,2020-10,1.484B,69.80M,-33.50M,-33.50M,2.567B,61.60M,4.919B,114.10M,2.074B,88.60M,19.10M,2.118B,987.20M,4.676B,13.26B,86.20M,3.968B,2.568B,8.581B,9.289B,6.013B,987.20M,1.134B,818.70M
PVH,2020-07,-622.60M,1.394B,697.40M,511.10M,49.60M,-0.72,-0.72,6.369B,2.672B,883.30M,2020-07,1.642B,-51.40M,-32.10M,-32.10M,2.672B,433.70M,5.030B,1.10M,1.965B,-33.80M,17.90M,1.581B,882.20M,4.584B,13.25B,86.20M,3.847B,2.526B,8.669B,9.406B,6.143B,882.20M,1.048B,596.20M
PVH,2020-04,-733.40M,800.70M,678.10M,734.70M,51.70M,-15.37,-15.37,6.144B,2.614B,665.90M,2020-04,1.561B,-1.097B,-21.20M,-21.20M,2.614B,624.10M,4.347B,-274.20M,1.535B,-1.240B,-142.40M,1.344B,940.10M,4.513B,12.29B,86.10M,3.188B,2.322B,7.781B,9.106B,5.459B,940.10M,783.90M,566.90M
PVH,2020-01,-640.10M,503.40M,1.203B,426.90M,64.70M,-0.9258,-0.93,7.158B,4.282B,1.398B,2020-01,1.616B,-67.40M,-30.00M,-30.00M,2.703B,599.10M,4.226B,140.30M,1.812B,-125.70M,-57.20M,2.601B,1.258B,5.812B,13.63B,85.90M,3.394B,2.361B,7.820B,10.24B,5.458B,1.258B,882.80M,765.10M
PVH,2019-10,-622.60M,555.20M,1.182B,776.10M,44.80M,2.83,2.82,7.458B,2.643B,1.406B,2019-10,1.768B,209.20M,-27.80M,-27.80M,2.643B,543.00M,4.256B,264.60M,1.732B,241.70M,32.80M,2.588B,1.142B,5.985B,14.02B,85.90M,3.582B,2.553B,8.034B,10.44B,5.481B,1.142B,780.50M,998.80M
PVH,2019-07,-611.40M,433.50M,1.076B,569.60M,68.90M,2.59,2.58,7.461B,2.634B,1.288B,2019-07,1.862B,193.50M,-27.00M,-27.00M,2.634B,565.20M,4.278B,133.90M,1.789B,222.80M,29.70M,2.364B,1.154B,5.872B,13.82B,85.90M,3.399B,2.428B,7.949B,10.42B,5.522B,1.154B,930.20M,808.90M
PVH,2019-04,-583.70M,494.30M,1.060B,665.00M,55.90M,1.09,1.08,7.150B,2.568B,1.296B,2019-04,1.608B,82.00M,-29.90M,-29.90M,2.568B,655.30M,4.259B,134.40M,1.486B,105.20M,23.60M,2.356B,1.162B,5.762B,13.36B,85.80M,3.253B,2.207B,7.594B,10.10B,5.387B,1.162B,696.20M,876.00M
PVH,2019-01,-507.90M,452.00M,1.128B,12.80M,65.30M,2.099,2.09,7.240B,2.398B,1.356B,2019-01,1.732B,158.70M,-29.20M,-29.20M,984.50M,0,2.819B,138.50M,1.816B,104.50M,-53.90M,2.484B,1.217B,5.828B,11.86B,85.40M,3.239B,1.894B,6.036B,8.625B,4.142B,1.217B,924.20M,803.80M
PVH,2018-10,-534.30M,398.50M,1.160B,276.70M,39.30M,3.18,3.15,7.230B,923.70M,1.365B,2018-10,1.687B,243.10M,-29.40M,-29.40M,923.70M,0,2.878B,273.50M,1.583B,252.90M,10.30M,2.524B,1.091B,5.681B,11.83B,85.40M,3.308B,1.899B,6.150B,8.523B,4.251B,1.091B,752.50M,965.60M
PVH,2018-07,-504.70M,431.10M,1.037B,85.40M,61.00M,2.15,2.12,7.285B,881.30M,1.297B,2018-07,1.731B,165.20M,-29.10M,-29.10M,881.30M,649.30M,2.894B,225.50M,1.689B,202.30M,37.60M,2.334B,1.072B,5.565B,11.70B,85.40M,3.166B,1.836B,6.132B,8.532B,4.297B,1.072B,922.60M,731.60M
PVH,2018-04,-406.60M,434.50M,1.024B,254.50M,47.80M,2.33,2.29,7.435B,873.50M,1.291B,2018-04,1.525B,179.40M,-28.40M,-28.40M,873.50M,661.90M,3.013B,238.00M,1.425B,215.90M,37.00M,2.315B,1.053B,5.565B,11.71B,85.30M,3.042B,1.727B,6.15B,8.673B,4.423B,1.053B,670.50M,812.30M
PVH,2018-01,-321.50M,493.90M,1.130B,19.50M,39.20M,1.398,1.39,7.561B,2.130B,1.369B,2018-01,1.591B,108.50M,-32.90M,-32.90M,899.80M,663.00M,3.061B,78.20M,1.813B,25.10M,-82.80M,2.499B,1.291B,5.536B,11.89B,84.90M,3.031B,1.872B,6.349B,8.855B,4.478B,1.291B,889.80M,696.40M
PVH,2017-10,-525.50M,612.30M,1.060B,207.50M,21.40M,3.09,3.05,7.336B,821.20M,1.297B,2017-10,1.466B,239.20M,-30.90M,-30.90M,821.20M,823.30M,3.183B,274.80M,1.497B,249.80M,11.10M,2.357B,1.022B,5.250B,11.66B,84.30M,3.144B,1.726B,6.408B,8.514B,4.682B,1.022B,681.30M,857.10M
PVH,2017-07,-496.60M,559.40M,922.60M,18.00M,37.10M,1.54,1.52,7.349B,805.80M,1.147B,2017-07,1.499B,119.70M,-29.70M,-29.70M,805.80M,842.40M,3.186B,176.30M,1.578B,150.80M,31.40M,2.070B,971.00M,5.095B,11.45B,84.30M,2.936B,1.633B,6.359B,8.518B,4.726B,971.00M,767.10M,672.60M
PVH,2017-04,-651.40M,490.90M,908.20M,42.50M,28.20M,0.9,0.89,7.163B,751.60M,1.081B,2017-04,1.254B,70.40M,-28.70M,-28.70M,751.60M,846.80M,3.157B,119.90M,1.308B,84.50M,14.40M,1.989B,960.90M,4.875B,10.91B,84.10M,2.655B,1.378B,6.037B,8.257B,4.659B,960.90M,546.70M,712.50M
PVH,2017-01,-710.80M,730.10M,969.70M,19.10M,30.70M,1.273,1.26,7.080B,1.814B,1.138B,2017-01,1.318B,100.70M,-28.70M,-28.70M,759.90M,877.70M,3.197B,118.00M,1.515B,125.00M,24.50M,2.108B,1.02B,4.804B,11.07B,83.90M,2.880B,1.565B,6.263B,8.188B,4.699B,1.02B,682.60M,641.40M
PVH,2016-10,-699.70M,662.40M,1.053B,20.80M,19.10M,1.58,1.56,7.155B,730.20M,1.192B,2016-10,1.258B,126.20M,-29.20M,-29.20M,730.20M,868.80M,3.303B,273.60M,1.290B,168.70M,42.60M,2.244B,918.00M,4.794B,11.07B,83.90M,2.948B,1.356B,6.274B,8.120B,4.918B,918.00M,496.50M,788.40M
PVH,2016-07,-652.70M,741.70M,899.50M,19.40M,33.80M,1.12,1.11,7.288B,736.00M,1.034B,2016-07,1.412B,90.50M,-28.10M,-28.10M,736.00M,872.50M,3.358B,159.10M,1.335B,114.90M,24.40M,1.933B,874.70M,4.804B,11.18B,83.90M,2.939B,1.388B,6.376B,8.241B,4.988B,874.70M,631.80M,594.30M
PVH,2016-04,-574.90M,365.10M,910.90M,167.70M,23.30M,2.85,2.83,7.381B,749.90M,1.007B,2016-04,1.281B,231.60M,-29.00M,-29.00M,749.90M,880.10M,2.992B,141.70M,1.204B,265.60M,34.00M,1.918B,865.20M,4.862B,10.89B,83.60M,2.528B,1.395B,6.023B,8.357B,4.628B,865.20M,497.70M,684.30M
PVH,2016-01,-704.20M,556.40M,1.040B,162.50M,32.30M,1.641,1.63,6.866B,1.637B,1.073B,2016-01,1.322B,134.20M,-27.80M,-27.80M,744.60M,836.40M,3.032B,174.40M,1.332B,148.20M,14.00M,2.112B,898.50M,4.552B,10.67B,83.50M,2.804B,1.527B,6.122B,7.869B,4.594B,898.50M,636.10M,685.90M
PVH,2015-10,-615.20M,369.90M,1.064B,151.70M,16.00M,2.69,2.67,6.922B,731.80M,1.101B,2015-10,1.332B,221.90M,-27.40M,-27.40M,731.80M,951.70M,3.216B,247.20M,1.199B,226.20M,4.30M,2.164B,853.80M,4.546B,10.81B,83.50M,2.858B,1.366B,6.260B,7.947B,4.893B,853.80M,495.30M,866.20M
PVH,2015-07,-579.90M,466.70M,861.90M,119.80M,31.00M,1.24,1.22,6.921B,708.90M,1.002B,2015-07,1.403B,102.20M,-28.00M,-28.00M,708.90M,976.90M,3.262B,151.60M,1.218B,126.10M,23.90M,1.864B,850.50M,4.410B,10.74B,83.50M,2.820B,1.369B,6.335B,7.925B,4.966B,850.50M,551.00M,617.80M
PVH,2015-04,-448.80M,419.30M,893.70M,109.90M,23.00M,1.38,1.37,7.019B,720.90M,985.60M,2015-04,1.173B,114.10M,-29.80M,-29.80M,720.90M,988.40M,3.390B,170.70M,1.095B,147.00M,32.90M,1.879B,814.90M,4.444B,10.77B,83.40M,2.736B,1.228B,6.328B,8.037B,5.100B,814.90M,411.70M,765.40M
PVH,2015-01,-416.50M,479.30M,997.50M,107.80M,31.20M,0.6242,0.62,7.041B,1.513B,1.071B,2015-01,1.257B,51.50M,-32.00M,-32.00M,725.70M,897.90M,3.439B,5.50M,1.289B,-25.80M,-77.30M,2.069B,1.066B,4.364B,10.82B,83.10M,2.786B,1.428B,6.461B,8.039B,5.032B,1.066B,565.30M,743.20M
PVH,2014-10,-129.60M,365.10M,1.066B,139.20M,17.70M,2.74,2.71,7.361B,707.60M,1.168B,2014-10,1.240B,225.70M,-32.10M,-32.10M,707.60M,1.102B,3.619B,274.60M,1.222B,247.80M,22.10M,2.233B,892.90M,4.584B,11.27B,83.00M,2.867B,1.379B,6.682B,8.399B,5.303B,892.90M,476.20M,910.70M
PVH,2014-07,59.70M,461.10M,920.90M,264.50M,31.20M,1.54,1.52,7.559B,703.60M,1.055B,2014-07,1.365B,126.50M,-33.80M,-33.80M,703.60M,1.183B,3.643B,158.90M,1.308B,125.50M,-1.00M,1.976B,895.80M,4.530B,11.59B,83.00M,2.994B,1.604B,7.055B,8.591B,5.451B,895.80M,576.70M,767.30M
PVH,2014-04,143.60M,513.00M,930.50M,244.10M,22.20M,0.43,0.42,7.663B,708.50M,1.033B,2014-04,1.178B,35.30M,-40.60M,-40.60M,708.50M,1.010B,3.862B,174.10M,1.200B,43.90M,8.70M,1.964B,859.10M,4.480B,11.63B,82.90M,2.927B,1.466B,7.150B,8.702B,5.683B,859.10M,428.70M,855.20M
PVH,2014-01,42.30M,593.20M,982.80M,91.80M,34.70M,-0.4577,-0.46,7.559B,1.435B,1.070B,2014-01,1.281B,-37.50M,-45.40M,-45.40M,712.10M,1.017B,3.878B,160.00M,1.426B,114.60M,152.20M,2.052B,909.50M,4.335B,11.58B,82.70M,2.999B,1.552B,7.240B,8.577B,5.688B,909.50M,582.90M,761.20M
PVH,2013-10,75.05M,542.53M,1.087B,97.44M,20.82M,2.41,2.37,7.509B,693.09M,1.172B,2013-10,1.168B,196.70M,-46.00M,-46.00M,693.09M,1.089B,4.175B,244.40M,1.184B,203.30M,6.70M,2.259B,927.40M,4.336B,11.65B,82.10M,3.065B,1.302B,7.316B,8.587B,6.014B,927.40M,435.92M,919.85M
PVH,2013-07,0.106M,628.92M,938.70M,88.45M,32.54M,-0.07,-0.07,7.400B,693.86M,1.026B,2013-07,1.349B,-5.40M,-47.40M,-47.40M,693.86M,1.126B,4.195B,84.90M,1.304B,38.30M,43.60M,1.965B,941.20M,4.048B,11.51B,82.05M,3.081B,1.425B,7.467B,8.434B,6.042B,941.20M,552.22M,756.27M
PVH,2013-04,38.39M,746.28M,958.30M,113.47M,44.22M,-0.13,-0.13,7.501B,678.43M,951.90M,2013-04,1.150B,-10.30M,-45.90M,-45.90M,678.43M,1.148B,4.362B,56.50M,1.130B,-27.50M,-17.20M,1.910B,895.40M,4.114B,11.61B,81.20M,3.082B,1.288B,7.494B,8.525B,6.206B,895.40M,418.46M,830.03M
PVH,2013-01,139.88M,892.21M,755.58M,98.85M,40.24M,1.121,1.09,4.540B,1.185B,880.63M,2013-01,878.42M,80.71M,-31.32M,-31.32M,561.34M,539.93M,2.212B,109.47M,1.023B,78.51M,-2.199M,1.636B,771.16M,3.253B,7.732B,73.32M,2.437B,1.162B,4.479B,5.295B,3.317B,771.16M,377.23M,441.32M
PVH,2012-10,-85.38M,276.63M,773.69M,226.51M,24.47M,2.31,2.27,4.384B,519.86M,869.08M,2012-10,855.36M,167.70M,-28.28M,-28.28M,519.86M,522.68M,1.648B,237.94M,888.98M,212.85M,45.16M,1.643B,631.14M,3.047B,6.986B,165.34M,1.912B,1.140B,3.939B,5.074B,2.799B,631.14M,300.47M,607.46M
PVH,2012-07,-176.84M,261.99M,593.96M,140.81M,41.97M,1.24,1.22,4.261B,484.44M,742.66M,2012-07,909.45M,89.92M,-28.36M,-28.36M,484.44M,502.09M,1.715B,153.33M,926.61M,124.90M,34.98M,1.337B,589.33M,2.781B,6.731B,165.25M,1.820B,1.109B,3.950B,4.912B,2.841B,589.33M,372.53M,425.66M
PVH,2012-04,-35.26M,238.61M,670.58M,186.87M,31.63M,1.33,1.3,4.407B,479.49M,756.83M,2012-04,735.85M,95.48M,-29.24M,-29.24M,479.49M,509.08M,1.795B,154.16M,763.39M,126.84M,31.36M,1.427B,602.67M,2.829B,6.780B,164.98M,1.728B,981.89M,3.951B,5.052B,2.969B,602.67M,255.51M,544.17M
PVH,2012-01,73.84M,233.20M,758.63M,82.99M,38.38M,1.204,1.11,4.381B,995.75M,774.21M,2012-01,809.01M,39.06M,-32.03M,-32.03M,458.89M,507.02M,1.833B,39.90M,922.50M,8.378M,-30.68M,1.533B,734.31M,2.715B,6.752B,256.89M,1.739B,1.044B,4.037B,5.013B,2.993B,734.31M,366.14M,480.96M
PVH,2011-10,117.05M,159.98M,825.19M,73.93M,27.47M,1.57,1.54,4.520B,0,828.97M,2011-10,830.14M,112.24M,-31.54M,-31.54M,436.29M,8.826M,2.030B,195.99M,882.27M,165.30M,53.06M,1.654B,632.98M,2.775B,6.896B,256.42M,1.774B,983.68M,4.121B,5.122B,3.138B,632.98M,298.43M,621.59M
PVH,2011-07,174.39M,287.69M,610.31M,64.82M,38.16M,0.94,0.92,4.570B,0,724.13M,2011-07,877.45M,66.73M,-31.45M,-31.45M,426.37M,1.098B,2.090B,133.48M,869.21M,102.03M,35.30M,1.334B,590.65M,2.711B,6.870B,256.39M,1.741B,972.19M,4.159B,5.129B,3.187B,590.65M,351.75M,413.85M
PVH,2011-04,213.48M,294.96M,640.60M,58.58M,27.81M,0.81,0.79,4.628B,0,728.58M,2011-04,685.04M,57.67M,-33.07M,-33.07M,418.22M,0,2.208B,136.68M,770.15M,87.37M,29.71M,1.369B,591.90M,2.671B,6.834B,256.15M,1.658B,856.54M,4.163B,5.176B,3.307B,591.90M,262.22M,512.18M
