Ticker,Date,Accrued Comprehensive Inc,Cash and Short Term Investments,Cost of Goods Sold,Current Debt & Capital Lease Obligation,Current Deferred Liabilities,EPS Basic,EPS Diluted,Goodwill and Intangibles,Gross PP&E,Gross Profit,Income (Quarterly),Inventories,Net Income,Net Non-Operating Interest Income Expense,Net Operating Interest Income,Net PP&E,Non-Current Deferred Liabilities,Non-Current Portion of LTD and Capital Lease Obligation,Operating Income,Payables and Accrued Expenses,Pre-Tax Income,Provision for Income Taxes,Revenue,SG&A Expense,Shareholders Equity,Total Assets,Total Capital Stock,Total Current Assets,Total Current Liabilities,Total Liabilities,Total Long Term Assets,Total Long Term Liabilities,Total Operating Expenses,Total Payables,Total Receivables
PWR,2020-12,-233.00M,184.62M,2.446B,99.90M,582.43M,1.21,1.17,2.557B,3.190B,465.87M,2020-12,50.47M,170.05M,-9.969M,-9.969M,1.818B,166.41M,1.353B,178.77M,1.078B,171.72M,-0.239M,2.912B,265.78M,4.344B,8.398B,0.002M,3.588B,2.139B,4.049B,4.810B,1.911B,287.10M,860.92M,3.170B
PWR,2020-09,-274.34M,216.94M,2.513B,97.38M,537.05M,1.16,1.13,2.533B,3.043B,507.51M,2020-09,39.82M,162.91M,-10.97M,-10.97M,1.703B,206.28M,1.387B,237.17M,1.544B,234.18M,70.48M,3.020B,250.65M,4.152B,8.325B,0.002M,3.677B,2.178B,4.170B,4.648B,1.992B,270.34M,885.79M,3.229B
PWR,2020-06,-290.05M,530.67M,2.151B,162.20M,613.19M,0.53,0.52,2.403B,2.954B,355.26M,2020-06,48.27M,73.95M,-8.379M,-8.379M,1.656B,220.69M,1.508B,109.63M,1.318B,107.78M,32.99M,2.506B,227.85M,3.914B,8.090B,0.002M,3.645B,2.093B,4.172B,4.445B,2.078B,245.63M,835.38M,2.860B
PWR,2020-03,-324.79M,377.20M,2.432B,164.82M,591.09M,0.27,0.26,2.402B,2.928B,332.20M,2020-03,50.36M,38.69M,-13.25M,-13.25M,1.676B,217.78M,1.790B,83.50M,1.360B,57.66M,16.16M,2.764B,230.79M,3.790B,8.229B,0.002M,3.759B,2.116B,4.434B,4.470B,2.318B,248.70M,0,3.162B
PWR,2019-12,-241.82M,164.80M,2.669B,167.34M,639.34M,0.81,0.8,2.436B,2.921B,443.32M,2019-12,55.72M,118.14M,-18.66M,-18.66M,1.671B,214.78M,1.489B,166.64M,1.140B,145.93M,25.63M,3.113B,255.13M,4.050B,8.332B,0.002M,3.831B,2.263B,4.278B,4.501B,2.015B,276.68M,0,3.349B
PWR,2019-09,-264.11M,80.04M,2.879B,169.26M,540.19M,0.93,0.92,2.434B,2.883B,473.44M,2019-09,67.04M,136.07M,-18.18M,-18.18M,1.679B,279.86M,2.008B,213.17M,1.648B,191.93M,54.91M,3.353B,245.01M,3.907B,8.865B,0.002M,4.302B,2.358B,4.956B,4.563B,2.598B,260.27M,0,3.841B
PWR,2019-06,-251.33M,73.36M,2.520B,145.63M,471.21M,0.19,0.19,2.197B,2.803B,319.50M,2019-06,68.40M,27.34M,-15.55M,-15.55M,1.639B,276.57M,1.709B,82.95M,1.289B,69.55M,41.09M,2.839B,223.94M,3.775B,8.022B,0.002M,3.752B,1.906B,4.246B,4.270B,2.339B,236.55M,0,3.316B
PWR,2019-03,-267.20M,85.42M,2.443B,136.64M,403.37M,0.83,0.82,2.203B,2.740B,363.98M,2019-03,81.12M,120.49M,-13.57M,-13.57M,1.603B,253.16M,1.538B,119.40M,1.239B,164.88M,43.84M,2.807B,231.91M,3.724B,7.653B,0.002M,3.555B,1.779B,3.927B,4.098B,2.149B,244.58M,0,3.154B
PWR,2018-12,-286.05M,78.69M,2.693B,65.65M,466.04M,0.38,0.38,2.180B,2.368B,419.72M,2018-12,107.73M,56.82M,-11.34M,-11.34M,1.276B,219.12M,1.041B,195.25M,995.33M,128.79M,71.00M,3.112B,212.01M,3.604B,7.076B,0.002M,3.326B,1.806B,3.470B,3.750B,1.664B,224.47M,0,2.932B
PWR,2018-09,-237.69M,113.52M,2.559B,22.81M,452.49M,0.82,0.81,2.197B,2.437B,425.83M,2018-09,94.67M,124.55M,-8.897M,-8.897M,1.351B,209.48M,952.89M,191.17M,1.341B,168.17M,43.27M,2.985B,224.04M,3.823B,7.191B,0.002M,3.378B,1.816B,3.367B,3.813B,1.551B,234.66M,0,2.972B
PWR,2018-06,-248.53M,120.36M,2.323B,15.50M,496.08M,0.49,0.48,2.159B,2.368B,333.37M,2018-06,85.86M,74.36M,-8.518M,-8.518M,1.325B,196.52M,840.74M,116.76M,1.179B,104.10M,29.39M,2.656B,206.10M,3.691B,6.790B,0.002M,3.075B,1.691B,3.097B,3.716B,1.406B,216.61M,652.57M,2.660B
PWR,2018-03,-228.41M,101.74M,2.117B,2.775M,506.20M,0.24,0.24,2.174B,2.313B,301.05M,2018-03,94.55M,37.61M,-6.632M,-6.632M,1.302B,196.89M,882.80M,75.22M,1.041B,56.61M,18.00M,2.418B,215.42M,3.643B,6.653B,0.002M,2.957B,1.550B,3.006B,3.696B,1.457B,225.83M,570.37M,2.587B
PWR,2017-12,-203.40M,138.28M,2.156B,1.22M,449.35M,0.72,0.72,2.132B,2.270B,322.88M,2017-12,80.89M,113.56M,-6.467M,-6.467M,1.289B,179.38M,670.72M,106.44M,816.30M,45.92M,-69.65M,2.479B,206.26M,3.792B,6.480B,0.002M,2.870B,1.492B,2.685B,3.610B,1.192B,216.43M,0,2.482B
PWR,2017-09,-192.19M,91.53M,2.259B,2.804M,374.94M,0.57,0.56,2.212B,2.223B,350.63M,2017-09,86.39M,89.31M,-5.862M,-5.862M,1.256B,211.98M,760.21M,140.43M,1.215B,132.20M,42.35M,2.609B,201.22M,3.728B,6.640B,0.002M,2.948B,1.592B,2.910B,3.692B,1.318B,210.20M,0,2.623B
PWR,2017-06,-231.17M,99.56M,1.898B,1.375M,314.99M,0.41,0.41,1.801B,2.120B,302.16M,2017-06,94.15M,63.84M,-4.107M,-4.107M,1.190B,206.87M,483.64M,109.79M,969.65M,104.60M,40.24M,2.200B,185.88M,3.507B,5.753B,0.001M,2.617B,1.286B,2.244B,3.136B,958.00M,192.37M,0,2.245B
PWR,2017-03,-257.85M,106.51M,1.912B,3.99M,264.83M,0.31,0.31,1.790B,2.056B,266.19M,2017-03,89.97M,48.27M,-3.678M,-3.678M,1.162B,197.71M,419.31M,75.07M,995.91M,71.03M,22.59M,2.178B,184.55M,3.396B,5.543B,0.001M,2.475B,1.265B,2.144B,3.068B,879.50M,191.11M,0,2.146B
PWR,2016-12,-271.67M,112.18M,1.795B,7.563M,290.36M,0.57,0.57,1.790B,2.037B,307.69M,2016-12,88.55M,87.58M,-3.597M,-3.597M,1.174B,192.83M,353.56M,125.85M,713.25M,113.90M,24.59M,2.103B,173.88M,3.339B,5.354B,0.001M,2.289B,1.205B,2.011B,3.065B,806.13M,181.84M,0,1.973B
PWR,2016-09,-242.82M,117.37M,1.740B,5.061M,310.99M,0.48,0.48,1.810B,2.018B,302.58M,2016-09,89.11M,73.74M,-2.852M,-2.852M,1.166B,184.34M,482.40M,130.16M,928.49M,128.06M,54.52M,2.042B,164.32M,3.274B,5.476B,0.002M,2.405B,1.246B,2.200B,3.071B,953.98M,172.42M,0,2.063B
PWR,2016-06,-231.02M,162.34M,1.592B,5.603M,388.31M,0.11,0.11,1.799B,1.985B,200.22M,2016-06,74.98M,16.56M,-2.942M,-2.942M,1.161B,200.68M,401.12M,35.47M,811.52M,31.42M,14.70M,1.792B,156.61M,3.200B,5.297B,0.002M,2.244B,1.208B,2.094B,3.053B,885.84M,164.75M,0,1.851B
PWR,2016-03,-234.10M,155.32M,1.510B,4.154M,437.46M,0.13,0.13,1.807B,1.945B,203.31M,2016-03,72.64M,20.50M,-3.073M,-3.073M,1.154B,205.94M,404.06M,37.29M,791.21M,34.30M,13.44M,1.714B,158.52M,3.171B,5.296B,0.002M,2.248B,1.236B,2.122B,3.047B,886.38M,166.02M,0,1.876B
PWR,2015-12,-294.69M,128.77M,1.676B,7.067M,407.24M,-0.03,-0.03,1.758B,1.857B,223.04M,2015-12,75.28M,-5.074M,-2.553M,-2.553M,1.102B,186.49M,475.36M,62.08M,615.08M,0.504M,2.898M,1.899B,151.79M,3.085B,5.214B,0.002M,2.278B,1.204B,2.126B,2.936B,921.98M,160.96M,456.22M,1.939B
PWR,2015-09,-264.84M,49.19M,1.704B,2.35M,252.50M,1.15,1.15,1.822B,1.859B,235.22M,2015-09,64.69M,216.39M,-1.675M,-1.675M,1.126B,226.08M,348.21M,80.88M,938.54M,78.13M,32.39M,1.939B,145.69M,3.189B,5.373B,0.002M,2.363B,1.341B,2.170B,3.011B,828.97M,154.34M,498.32M,2.052B
PWR,2015-06,-197.34M,65.43M,1.645B,2.638M,233.72M,0.22,0.22,1.833B,1.837B,227.50M,2015-06,55.82M,46.11M,-1.356M,-1.356M,1.130B,229.42M,214.26M,68.85M,875.15M,67.05M,31.58M,1.872B,149.92M,4.196B,6.131B,0.002M,2.316B,1.179B,1.921B,3.815B,741.64M,158.65M,487.10M,1.974B
PWR,2015-03,-212.24M,135.53M,1.623B,9.44M,240.24M,0.25,0.25,2.175B,2.251B,237.91M,2015-03,45.82M,53.48M,-0.947M,-0.947M,1.480B,299.81M,115.00M,84.15M,874.63M,82.99M,30.60M,1.861B,145.46M,4.297B,6.141B,0.002M,2.388B,1.124B,1.830B,3.753B,705.77M,153.76M,0,1.984B
PWR,2014-12,-123.29M,190.52M,1.716B,8.876M,264.20M,0.3,0.3,1.840B,1.751B,311.63M,2014-12,38.92M,66.58M,-0.639M,-0.639M,1.100B,215.98M,72.49M,97.65M,647.37M,96.54M,31.74M,2.028B,204.88M,4.514B,6.254B,0.002M,2.496B,1.106B,1.728B,3.758B,621.73M,213.98M,0,2.092B
PWR,2014-09,-73.94M,144.16M,1.809B,1.686M,242.27M,0.43,0.43,2.110B,2.105B,336.90M,2014-09,39.41M,94.65M,-0.421M,-0.421M,1.388B,251.15M,83.19M,131.28M,884.17M,130.48M,37.20M,2.146B,196.49M,4.471B,6.229B,0.002M,2.536B,1.128B,1.741B,3.693B,612.53M,205.62M,0,2.190B
PWR,2014-06,-23.88M,188.95M,1.574B,1.67M,230.93M,0.37,0.37,2.057B,2.001B,264.21M,2014-06,40.77M,81.08M,-0.529M,-0.529M,1.312B,253.39M,4.147M,120.80M,734.60M,119.04M,41.22M,1.838B,135.21M,4.386B,5.909B,0.002M,2.243B,967.20M,1.508B,3.666B,540.78M,143.41M,0,1.828B
PWR,2014-03,-55.22M,273.34M,1.491B,1.65M,208.64M,0.25,0.25,2.052B,1.927B,272.07M,2014-03,35.60M,54.41M,0.563M,0.563M,1.270B,249.72M,4.556M,90.50M,772.18M,91.70M,33.05M,1.763B,173.33M,4.306B,5.827B,0.002M,2.214B,982.48M,1.510B,3.612B,527.47M,181.58M,0,1.777B
PWR,2013-12,-37.24M,488.78M,1.472B,1.181M,278.29M,0.77,0.77,1.989B,1.838B,234.32M,2013-12,31.88M,166.70M,-0.04M,-0.04M,1.206B,244.26M,1.053M,98.46M,599.99M,211.72M,70.26M,1.706B,127.41M,4.234B,5.793B,0.002M,2.313B,1.042B,1.552B,3.480B,509.46M,135.87M,0,1.653B
PWR,2013-09,-11.32M,309.15M,1.372B,2.639M,204.88M,0.43,0.43,1.841B,1.781B,273.05M,2013-09,35.59M,92.91M,0.664M,0.664M,1.154B,240.39M,0,141.08M,757.27M,140.92M,42.51M,1.645B,124.95M,4.016B,5.495B,0.002M,2.137B,964.79M,1.471B,3.358B,505.93M,131.98M,0,1.667B
PWR,2013-06,-24.44M,363.11M,1.233B,0.009M,188.42M,0.33,0.33,1.702B,1.693B,241.28M,2013-06,40.85M,70.24M,0.066M,0.066M,1.103B,233.47M,125.00M,117.17M,612.00M,116.89M,42.16M,1.474B,119.03M,3.883B,5.188B,0.002M,2.177B,800.42M,1.300B,3.011B,499.68M,124.11M,459.61M,1.688B
PWR,2013-03,0.71M,366.62M,1.347B,0.019M,163.24M,0.34,0.34,1.714B,1.642B,238.27M,2013-03,37.67M,72.08M,0.02M,0.02M,1.072B,227.69M,39.00M,119.29M,666.65M,118.80M,41.94M,1.586B,113.68M,3.826B,5.155B,0.002M,2.186B,829.89M,1.324B,2.969B,494.11M,118.98M,364.23M,1.691B
PWR,2012-12,14.45M,394.70M,1.387B,0.033M,196.38M,0.46,0.46,1.721B,1.601B,286.74M,2012-12,38.26M,98.99M,-0.957M,-0.957M,1.046B,225.05M,0,160.85M,573.10M,160.70M,55.32M,1.673B,116.98M,3.767B,5.141B,0.002M,2.202B,881.18M,1.369B,2.939B,487.66M,125.89M,0,1.671B
PWR,2012-09,19.77M,128.21M,1.280B,0.056M,159.65M,0.45,0.45,1.870B,1.640B,252.00M,2012-09,55.92M,96.40M,-0.58M,-0.58M,1.057B,250.35M,0,127.13M,771.51M,127.68M,39.60M,1.532B,114.58M,3.663B,5.255B,0.002M,2.136B,925.35M,1.585B,3.119B,659.67M,124.87M,0,1.820B
PWR,2012-06,-2.522M,172.87M,1.173B,0.056M,0,0.31,0.31,1.871B,1.581B,212.90M,2012-06,57.65M,65.54M,-0.571M,-0.571M,1.017B,242.23M,0,98.34M,635.47M,97.45M,35.27M,1.386B,105.23M,3.537B,4.897B,0.002M,1.825B,783.97M,1.351B,3.073B,567.18M,114.56M,0,1.139B
PWR,2012-03,12.03M,177.37M,1.143B,0.10M,0,0.22,0.22,1.856B,1.531B,186.06M,2012-03,72.26M,45.71M,-0.167M,-0.167M,985.67M,231.86M,0,78.79M,580.83M,78.75M,28.67M,1.329B,98.11M,3.462B,4.755B,0.002M,1.770B,762.66M,1.285B,2.985B,521.96M,107.27M,0,1.114B
PWR,2011-12,0.71M,315.35M,941.03M,1.215M,0,0.32,0.32,1.672B,1.414B,142.04M,2011-12,62.52M,66.31M,-0.25M,-0.25M,938.90M,233.64M,0,70.05M,457.74M,69.59M,12.79M,1.083B,64.39M,3.382B,4.699B,0.002M,1.765B,781.08M,1.310B,2.934B,528.78M,72.00M,0,1.149B
PWR,2011-09,-5.528M,257.84M,1.056B,1.156M,0,0.25,0.25,1.786B,1.458B,194.69M,2011-09,74.02M,51.99M,-0.512M,-0.512M,956.60M,231.66M,0,93.98M,527.94M,92.94M,37.34M,1.251B,92.41M,3.295B,4.464B,0.002M,1.577B,651.71M,1.161B,2.887B,509.25M,100.71M,0,1.009B
PWR,2011-06,23.12M,380.38M,856.82M,0,0,0.15,0.15,1.750B,1.420B,154.09M,2011-06,62.22M,31.80M,-0.006M,-0.006M,938.57M,211.07M,0,57.73M,410.26M,57.92M,23.61M,1.011B,89.49M,3.299B,4.293B,0.002M,1.477B,503.96M,989.57M,2.816B,485.61M,96.36M,0,813.06M
PWR,2011-03,25.30M,503.02M,778.07M,0,0,-0.08,-0.08,1.753B,1.362B,70.89M,2011-03,53.09M,-17.59M,0.031M,0.031M,910.53M,214.19M,0,-26.92M,394.85M,-26.95M,-10.64M,848.96M,91.54M,3.357B,4.325B,0.002M,1.562B,482.71M,964.78M,2.762B,482.07M,97.81M,0,767.13M
