Ticker,Date,Accrued Comprehensive Inc,Cash and Short Term Investments,Cost of Goods Sold,Current Debt & Capital Lease Obligation,EPS Basic,EPS Diluted,Goodwill and Intangibles,Gross PP&E,Gross Profit,Income (Quarterly),Net Income,Net Non-Operating Interest Income Expense,Net Operating Interest Income,Net PP&E,Non-Current Portion of LTD and Capital Lease Obligation,Operating Income,Payables and Accrued Expenses,Pre-Tax Income,Provision for Income Taxes,Revenue,SG&A Expense,Shareholders Equity,Total Assets,Total Capital Stock,Total Current Assets,Total Current Liabilities,Total Liabilities,Total Long Term Assets,Total Long Term Liabilities,Total Operating Expenses,Total Payables,Total Receivables
REG,2020-12,-18.62M,376.07M,80.71M,0,0.2274,0.2274,362.67M,294.39M,177.75M,2020-12,38.49M,-37.96M,-37.96M,294.39M,4.143B,62.88M,302.36M,39.22M,0,258.46M,20.51M,5.985B,10.94B,1.697M,556.02M,302.36M,4.879B,10.38B,4.576B,114.87M,302.36M,143.63M
REG,2020-09,-23.22M,276.55M,77.28M,0,0.07,0.07,376.27M,294.52M,165.66M,2020-09,12.69M,-39.77M,-39.77M,294.52M,4.209B,60.06M,222.38M,13.31M,0,242.94M,19.58M,6.040B,10.99B,1.697M,491.34M,222.38M,4.874B,10.50B,4.651B,105.60M,222.38M,159.14M
REG,2020-06,-25.14M,583.42M,76.82M,0,0.11,0.11,390.21M,296.31M,154.29M,2020-06,19.05M,-38.83M,-38.83M,296.31M,4.514B,45.55M,223.99M,19.57M,0,231.11M,21.20M,6.122B,11.39B,1.697M,801.40M,223.99M,5.189B,10.58B,4.965B,108.74M,223.99M,186.23M
REG,2020-03,-25.53M,733.25M,78.26M,0,-0.15,-0.15,403.65M,297.86M,205.40M,2020-03,-25.33M,-35.79M,-35.79M,297.86M,4.637B,101.06M,194.84M,-62.79M,0,283.66M,13.70M,6.199B,11.57B,1.696M,912.79M,194.84M,5.293B,10.66B,5.098B,104.34M,194.84M,148.06M
REG,2019-12,-12.00M,113.02M,79.79M,0,0.2411,0.24,550.26M,299.88M,208.94M,2019-12,40.29M,-36.44M,-36.44M,299.88M,4.142B,95.71M,213.70M,41.13M,0,288.73M,18.26M,6.213B,11.13B,1.676M,330.46M,213.70M,4.842B,10.80B,4.629B,113.23M,213.70M,169.34M
REG,2019-09,-15.80M,43.28M,75.30M,0,0.34,0.34,576.58M,300.48M,206.98M,2019-09,56.96M,-36.60M,-36.60M,300.48M,4.111B,96.60M,219.53M,57.94M,0,282.28M,16.70M,6.263B,11.17B,1.676M,244.40M,219.53M,4.833B,10.93B,4.614B,110.38M,219.53M,161.38M
REG,2019-06,-14.09M,33.78M,76.26M,0,0.31,0.31,575.73M,301.67M,199.61M,2019-06,51.73M,-35.02M,-35.02M,301.67M,3.902B,85.77M,188.72M,52.69M,0,275.87M,18.72M,6.301B,10.95B,1.676M,210.35M,188.72M,4.594B,10.74B,4.406B,113.84M,188.72M,157.88M
REG,2019-03,-6.096M,42.78M,74.79M,0,0.54,0.54,594.76M,302.85M,211.46M,2019-03,90.45M,-35.64M,-35.64M,302.85M,3.909B,91.84M,183.98M,75.00M,0,286.26M,21.30M,6.351B,11.02B,1.675M,218.69M,183.98M,4.615B,10.80B,4.431B,119.63M,183.98M,160.64M
REG,2018-12,-0.927M,45.19M,83.87M,0,0.47,0.46,701.21M,6.127M,200.69M,2018-12,78.90M,-43.28M,-43.28M,6.127M,3.715B,91.01M,224.81M,54.74M,0,284.56M,13.54M,6.398B,10.94B,1.679M,278.06M,224.81M,4.494B,10.67B,4.270B,109.68M,224.81M,172.36M
REG,2018-09,14.07M,40.36M,75.69M,0,0.41,0.41,731.36M,6.715M,202.62M,2018-09,69.72M,-34.52M,-34.52M,6.715M,3.717B,93.83M,236.25M,68.16M,0,278.31M,17.56M,6.512B,11.06B,1.694M,257.09M,236.25M,4.505B,10.80B,4.269B,108.79M,236.25M,160.71M
REG,2018-06,10.32M,37.15M,73.39M,0,0.28,0.28,753.59M,7.01M,208.02M,2018-06,47.84M,-35.97M,-35.97M,7.01M,3.832B,99.34M,215.30M,60.00M,0.05M,281.41M,16.78M,6.528B,11.18B,1.694M,300.94M,215.30M,4.613B,10.88B,4.398B,108.68M,215.30M,155.54M
REG,2018-03,4.764M,87.90M,72.94M,0,0.31,0.31,786.30M,6.891M,203.75M,2018-03,52.66M,-34.68M,-34.68M,6.891M,3.840B,95.99M,212.52M,53.37M,0,276.69M,17.61M,6.564B,11.23B,1.694M,261.96M,212.52M,4.628B,10.97B,4.416B,107.76M,212.52M,159.59M
REG,2017-12,-6.289M,45.37M,70.19M,0,0.4979,0.4979,810.71M,6.123M,194.56M,2017-12,85.14M,-41.65M,-41.65M,6.123M,3.595B,78.51M,234.27M,53.68M,0,264.75M,18.01M,6.692B,11.15B,1.714M,220.37M,234.27M,4.413B,10.93B,4.178B,116.05M,234.27M,170.98M
REG,2017-09,-14.14M,23.54M,67.34M,0,0.35,0.35,508.87M,4.094M,194.81M,2017-09,62.81M,-32.58M,-32.58M,4.094M,3.522B,84.94M,276.36M,63.45M,0,262.14M,15.20M,6.595B,11.12B,1.701M,201.60M,276.36M,4.482B,10.92B,4.206B,109.87M,276.36M,143.15M
REG,2017-06,-16.44M,97.27M,64.98M,0,0.28,0.28,540.12M,0,196.33M,2017-06,49.49M,-33.30M,-33.30M,0,3.508B,80.49M,246.46M,45.81M,0,261.30M,16.75M,6.692B,11.19B,76.70M,249.67M,246.46M,4.458B,10.94B,4.212B,115.84M,246.46M,125.37M
REG,2017-03,-15.79M,36.86M,51.21M,0,-0.26,-0.26,606.71M,0,144.92M,2017-03,-21.37M,-25.10M,-25.10M,0,3.407B,-4.32M,242.64M,-21.08M,0,196.13M,17.67M,6.731B,11.14B,76.70M,184.28M,242.64M,4.371B,10.95B,4.129B,149.24M,242.64M,119.84M
REG,2016-12,-18.35M,13.26M,41.95M,0,0.5364,0.53,118.83M,0,117.61M,2016-12,61.13M,-18.12M,-18.12M,0,1.642B,50.08M,138.94M,37.33M,0,159.56M,16.63M,2.591B,4.489B,326.04M,129.60M,138.94M,1.864B,4.359B,1.725B,67.52M,138.94M,111.72M
REG,2016-09,-35.74M,40.90M,40.43M,0,0.05,0.05,122.74M,0,112.34M,2016-09,10.57M,-20.14M,-20.14M,0,1.628B,54.54M,145.69M,1.534M,0,152.77M,16.05M,2.567B,4.458B,326.04M,148.13M,145.69M,1.858B,4.310B,1.712B,57.80M,145.69M,103.23M
REG,2016-06,-80.04M,24.94M,40.48M,0,0.36,0.35,124.32M,0,111.93M,2016-06,40.08M,-22.13M,-22.13M,0,1.984B,52.84M,165.61M,40.10M,0,152.41M,16.35M,2.167B,4.437B,326.00M,162.34M,165.61M,2.235B,4.274B,2.069B,59.09M,165.61M,104.54M
REG,2016-03,-72.89M,27.14M,38.56M,0,0.49,0.49,112.51M,0,111.07M,2016-03,53.14M,-21.91M,-21.91M,0,1.835B,53.75M,157.73M,40.71M,0,149.63M,16.30M,2.047B,4.147B,325.98M,159.15M,157.73M,2.065B,3.988B,1.907B,57.32M,157.73M,101.26M
REG,2015-12,-58.69M,36.86M,36.87M,0,0.1819,0.1819,105.38M,0,109.30M,2015-12,22.88M,-21.97M,-21.97M,0,1.864B,49.33M,164.52M,22.15M,0,146.17M,19.37M,2.054B,4.183B,325.97M,146.79M,164.52M,2.100B,4.036B,1.936B,59.96M,164.52M,106.16M
REG,2015-09,-62.31M,23.88M,35.80M,0,0.57,0.57,108.40M,0,106.26M,2015-09,59.00M,-22.94M,-22.94M,0,2.024B,52.60M,171.30M,31.98M,0,142.07M,14.75M,1.879B,4.171B,325.94M,126.41M,171.30M,2.263B,4.044B,2.092B,53.66M,171.30M,97.39M
REG,2015-06,-48.80M,27.11M,35.85M,0,0.35,0.34,46.74M,0,105.28M,2015-06,37.75M,-24.42M,-24.42M,0,1.989B,52.17M,142.42M,32.62M,0,141.13M,15.10M,1.881B,4.098B,325.94M,159.81M,142.42M,2.188B,3.938B,2.046B,53.10M,142.42M,96.96M
REG,2015-03,-69.28M,36.49M,36.30M,0,0.27,0.27,49.36M,0,104.10M,2015-03,30.44M,-24.38M,-24.38M,0,1.995B,50.56M,166.66M,30.19M,0,140.40M,16.38M,1.870B,4.118B,325.94M,158.31M,166.66M,2.220B,3.960B,2.053B,53.54M,166.66M,97.02M
REG,2014-12,-57.75M,113.78M,34.14M,0,0.7847,0.7847,52.36M,0,102.03M,2014-12,78.78M,-25.10M,-25.10M,0,2.021B,45.39M,181.20M,52.71M,0,136.16M,16.36M,1.907B,4.197B,325.94M,220.69M,181.20M,2.261B,3.976B,2.079B,56.64M,181.20M,98.90M
REG,2014-09,-33.96M,100.71M,32.98M,0,0.52,0.52,52.24M,0,100.58M,2014-09,53.21M,-25.30M,-25.30M,0,2.023B,47.64M,174.00M,25.88M,0,133.56M,14.46M,1.845B,4.128B,325.93M,215.05M,174.00M,2.254B,3.913B,2.080B,52.94M,174.00M,92.80M
REG,2014-06,-36.41M,36.74M,34.40M,0,0.28,0.28,53.54M,0,100.50M,2014-06,30.75M,-25.09M,-25.09M,0,2.031B,47.46M,141.06M,29.47M,0,134.89M,15.22M,1.786B,4.044B,325.92M,144.75M,141.06M,2.225B,3.899B,2.084B,53.04M,141.06M,99.10M
REG,2014-03,-28.60M,35.16M,35.30M,0,0.21,0.21,57.03M,0,97.98M,2014-03,24.66M,-24.63M,-24.63M,0,2.001B,43.70M,136.80M,24.34M,0,133.28M,14.20M,1.808B,4.036B,325.92M,141.28M,136.80M,2.194B,3.894B,2.058B,54.28M,136.80M,96.92M
REG,2013-12,-17.40M,80.68M,33.01M,0,0.5038,0.502,44.80M,0,92.99M,2013-12,51.59M,-24.12M,-24.12M,0,1.855B,39.94M,147.04M,21.13M,0,126.00M,13.29M,1.843B,3.914B,325.92M,179.10M,147.04M,2.052B,3.734B,1.905B,53.06M,147.04M,88.89M
REG,2013-09,-28.43M,62.70M,30.13M,0,0.38,0.38,39.13M,0,90.19M,2013-09,40.26M,-24.38M,-24.38M,0,1.864B,41.54M,147.09M,23.02M,0,120.32M,15.00M,1.825B,3.897B,325.92M,178.53M,147.09M,2.059B,3.718B,1.912B,48.65M,147.09M,99.93M
REG,2013-06,-31.32M,59.14M,31.23M,145.00M,0.35,0.35,41.33M,3.831B,91.08M,2013-06,37.13M,-25.41M,-25.41M,3.063B,1.892B,43.45M,131.18M,21.64M,13.34M,122.31M,14.97M,1.824B,3.900B,325.92M,171.04M,131.18M,2.064B,3.729B,1.933B,47.63M,131.18M,90.58M
REG,2013-03,-51.98M,22.40M,30.37M,40.00M,0.17,0.17,40.39M,4.141B,90.01M,2013-03,20.82M,-25.46M,-25.46M,3.307B,1.785B,39.40M,121.12M,18.51M,0.49M,120.38M,17.98M,1.763B,3.861B,325.91M,124.21M,266.12M,2.086B,3.737B,1.820B,50.61M,121.12M,95.72M
REG,2012-12,-57.72M,22.35M,27.37M,0,-0.4128,-0.4128,42.46M,4.124B,83.44M,2012-12,-31.91M,-24.96M,-24.96M,3.310B,1.942B,35.85M,127.18M,13.21M,-0.84M,110.81M,15.92M,1.731B,3.853B,325.90M,129.16M,127.18M,2.108B,3.724B,1.980B,47.58M,127.18M,100.34M
REG,2012-09,-64.38M,21.35M,28.69M,0,0.13,0.13,35.58M,4.151B,86.90M,2012-09,19.57M,-25.09M,-25.09M,3.382B,1.821B,41.58M,129.48M,18.27M,0.231M,115.59M,15.64M,1.799B,3.798B,325.90M,128.16M,129.57M,1.984B,3.670B,1.854B,45.32M,101.90M,100.67M
REG,2012-06,-66.73M,23.03M,31.22M,0,0.06,0.06,26.84M,4.077B,95.54M,2012-06,11.09M,-26.00M,-26.00M,3.321B,2.063B,48.68M,112.00M,11.65M,0,126.76M,14.02M,1.802B,4.026B,325.90M,141.58M,112.07M,2.208B,3.884B,2.096B,46.87M,0,112.48M
REG,2012-03,-69.08M,27.12M,33.63M,0,0.14,0.14,25.94M,4.001B,92.61M,2012-03,27.12M,-26.59M,-26.59M,3.272B,2.023B,42.65M,104.82M,18.19M,0,126.24M,16.12M,1.833B,4.005B,325.90M,149.37M,104.88M,2.160B,3.856B,2.055B,49.96M,0,115.85M
REG,2011-12,-71.43M,11.40M,66.71M,0,0.09,0.09,27.05M,0,32.39M,2011-12,13.06M,-21.87M,-21.87M,0,1.942B,36.07M,101.90M,9.449M,0,99.10M,12.32M,1.808B,3.987B,275.90M,139.10M,141.90M,2.117B,3.848B,1.976B,-3.679M,0,121.65M
REG,2011-09,-73.80M,21.20M,17.69M,0,0.09,0.09,26.86M,0,105.33M,2011-09,13.43M,-30.87M,-30.87M,0,2.050B,45.78M,114.87M,6.272M,0,123.02M,11.67M,1.836B,4.096B,275.90M,134.70M,114.87M,2.198B,3.961B,2.083B,59.54M,0,113.50M
REG,2011-06,-76.16M,18.41M,17.23M,0,0.14,0.14,18.32M,0,107.41M,2011-06,17.78M,-30.56M,-30.56M,0,1.970B,45.05M,121.62M,14.63M,0,124.64M,15.18M,1.848B,4.020B,275.90M,129.41M,121.62M,2.112B,3.891B,1.990B,62.36M,0,111.00M
REG,2011-03,-78.52M,65.76M,18.98M,0,0.02,0.02,17.40M,0,105.34M,2011-03,7.104M,-30.86M,-30.86M,0,1.922B,39.54M,120.95M,9.736M,0,124.33M,16.95M,1.869B,3.991B,275.90M,175.11M,120.95M,2.061B,3.816B,1.940B,65.81M,0,109.34M
