Ticker,Date,Accrued Comprehensive Inc,Cash and Short Term Investments,Cost of Goods Sold,Current Debt & Capital Lease Obligation,Current Deferred Liabilities,EPS Basic,EPS Diluted,Goodwill and Intangibles,Gross PP&E,Gross Profit,Income (Quarterly),Inventories,Net Income,Net Non-Operating Interest Income Expense,Net Operating Interest Income,Net PP&E,Non-Current Deferred Liabilities,Non-Current Portion of LTD and Capital Lease Obligation,Operating Income,Payables and Accrued Expenses,Pre-Tax Income,Provision for Income Taxes,Research and Development Expense,Revenue,SG&A Expense,Shareholders Equity,Total Assets,Total Capital Stock,Total Current Assets,Total Current Liabilities,Total Liabilities,Total Long Term Assets,Total Long Term Liabilities,Total Operating Expenses,Total Payables,Total Receivables
ROK,2020-12,-1.527B,730.40M,918.80M,244.50M,383.60M,5.11,5.06,2.442B,2.629B,646.50M,2020-12,640.60M,593.30M,-22.30M,-22.30M,909.10M,0,2.248B,271.90M,1.168B,700.70M,110.30M,0,1.565B,374.60M,1.558B,8.171B,181.40M,2.932B,2.189B,6.297B,5.239B,4.109B,374.60M,1.138B,1.379B
ROK,2020-09,-1.614B,704.60M,930.70M,114.30M,325.30M,2.269,2.25,2.130B,2.592B,639.30M,2020-09,584.00M,262.70M,-20.70M,-20.70M,917.30M,0,2.249B,284.90M,1.041B,299.60M,35.90M,0,1.57B,354.40M,1.028B,7.265B,181.40M,2.686B,1.811B,5.918B,4.579B,4.107B,354.40M,1.026B,1.249B
ROK,2020-06,-1.570B,910.40M,839.80M,512.00M,341.70M,2.74,2.73,2.122B,2.532B,554.20M,2020-06,674.80M,317.80M,-25.40M,-25.40M,884.80M,0,2.225B,184.00M,1.080B,334.50M,20.30M,0,1.394B,370.20M,770.50M,7.330B,181.40M,2.942B,2.242B,6.240B,4.387B,3.998B,370.20M,1.050B,1.202B
ROK,2020-03,-1.626B,641.80M,982.50M,169.90M,326.20M,1.14,1.13,1.795B,2.496B,698.80M,2020-03,629.00M,132.20M,-25.50M,-25.50M,879.30M,0,2.224B,346.80M,1.032B,167.40M,37.50M,0,1.681B,352.00M,620.80M,6.666B,181.40M,2.758B,1.762B,5.728B,3.908B,3.966B,352.00M,1.017B,1.301B
ROK,2019-12,-1.584B,926.20M,981.60M,411.30M,319.20M,2.68,2.66,1.838B,2.514B,702.90M,2019-12,625.30M,310.70M,-24.00M,-24.00M,905.10M,0,2.211B,299.70M,1.044B,334.60M,19.20M,0,1.684B,403.20M,717.00M,7.108B,181.40M,3.008B,2.068B,6.071B,4.100B,4.004B,403.20M,1.015B,1.298B
ROK,2019-09,-1.488B,1.018B,1.007B,300.50M,275.60M,0.07,0.07,1.265B,2.138B,722.90M,2019-09,575.70M,8.10M,-15.90M,-15.90M,571.90M,0,1.956B,317.80M,1.016B,56.40M,48.30M,0,1.730B,405.10M,404.20M,6.113B,181.40M,2.986B,1.937B,5.709B,3.127B,3.772B,405.10M,1.000B,1.179B
ROK,2019-06,-930.20M,913.40M,934.80M,299.40M,293.70M,2.22,2.2,1.282B,2.141B,730.30M,2019-06,656.30M,261.40M,-26.80M,-26.80M,556.50M,0,1.941B,368.60M,1.060B,321.40M,60.00M,0,1.665B,361.70M,1.156B,6.159B,181.40M,2.946B,1.952B,5.002B,3.213B,3.050B,361.70M,1.032B,1.223B
ROK,2019-03,-940.30M,902.20M,949.00M,298.70M,308.90M,2.91,2.88,1.294B,2.115B,708.20M,2019-03,665.40M,346.00M,-23.70M,-23.70M,557.80M,0,1.932B,323.20M,974.50M,402.40M,56.40M,0,1.657B,385.00M,1.336B,6.254B,181.40M,2.977B,1.872B,4.918B,3.277B,3.046B,385.00M,958.60M,1.244B
ROK,2018-12,-976.90M,753.50M,903.60M,631.30M,293.00M,0.67,0.66,1.272B,2.105B,738.70M,2018-12,627.20M,80.30M,-20.70M,-20.70M,559.70M,0,1.235B,352.00M,1.01B,120.80M,40.50M,0,1.642B,386.70M,1.274B,5.935B,181.40M,2.738B,2.266B,4.661B,3.198B,2.396B,386.70M,994.50M,1.189B
ROK,2018-09,-941.90M,909.70M,993.40M,551.00M,249.90M,2.856,2.8,1.291B,2.138B,736.10M,2018-09,581.60M,345.90M,5.20M,5.20M,576.80M,0,1.225B,321.00M,1.048B,481.70M,135.80M,0,1.730B,415.10M,1.618B,6.262B,181.40M,2.831B,2.237B,4.644B,3.431B,2.408B,415.10M,1.035B,1.190B
ROK,2018-06,-1.140B,1.489B,954.00M,0.80M,261.60M,1.6,1.58,1.301B,2.117B,744.70M,2018-06,570.30M,198.60M,-16.50M,-16.50M,537.30M,0,1.227B,345.10M,1.061B,251.70M,53.10M,0,1.699B,399.60M,1.444B,5.838B,181.40M,3.376B,1.754B,4.393B,2.462B,2.640B,399.60M,1.046B,1.149B
ROK,2018-03,-1.082B,2.047B,947.30M,308.50M,286.40M,1.79,1.77,1.335B,2.135B,703.90M,2018-03,570.40M,227.40M,-17.30M,-17.30M,557.20M,0,1.230B,317.30M,948.90M,299.60M,72.20M,0,1.651B,386.60M,1.947B,6.514B,181.40M,3.941B,1.878B,4.566B,2.573B,2.689B,386.60M,936.60M,1.163B
ROK,2017-12,-1.176B,2.648B,886.40M,840.00M,267.50M,-1.84,-1.84,1.316B,2.078B,700.20M,2017-12,570.80M,-236.40M,-20.00M,-20.00M,565.80M,0,1.239B,313.60M,860.20M,297.80M,534.20M,0,1.587B,386.60M,2.156B,7.159B,181.40M,4.534B,2.287B,5.002B,2.625B,2.716B,386.60M,845.10M,1.150B
ROK,2017-09,-1.179B,2.536B,976.10M,600.40M,240.60M,1.593,1.57,1.316B,2.096B,691.40M,2017-09,558.70M,204.60M,0.10M,0.10M,583.90M,0,1.243B,299.80M,904.20M,273.50M,68.90M,0,1.668B,391.60M,2.664B,7.162B,181.40M,4.421B,2.146B,4.498B,2.741B,2.352B,391.60M,887.30M,1.136B
ROK,2017-06,-1.464B,2.615B,921.50M,598.40M,245.40M,1.69,1.67,1.302B,2.048B,677.70M,2017-06,585.50M,216.90M,-19.10M,-19.10M,568.80M,0,1.244B,290.90M,986.80M,276.00M,59.10M,0,1.599B,386.80M,2.178B,7.216B,181.40M,4.456B,2.196B,5.038B,2.759B,2.841B,386.80M,970.60M,1.112B
ROK,2017-03,-1.508B,2.534B,897.80M,623.40M,247.10M,1.47,1.45,1.302B,2.010B,656.50M,2017-03,543.20M,189.50M,-18.90M,-18.90M,567.20M,0,1.24B,247.30M,854.50M,230.30M,40.80M,0,1.554B,409.20M,2.198B,7.065B,181.40M,4.317B,2.025B,4.867B,2.748B,2.842B,409.20M,837.60M,1.083B
ROK,2016-12,-1.589B,2.483B,848.00M,658.60M,226.40M,1.67,1.65,1.298B,1.959B,642.30M,2016-12,541.70M,214.70M,-18.70M,-18.70M,562.60M,0,1.241B,272.30M,805.10M,257.60M,42.90M,0,1.490B,370.00M,2.050B,7.094B,181.40M,4.487B,2.204B,5.045B,2.607B,2.841B,370.00M,788.90M,1.036B
ROK,2016-09,-1.539B,2.429B,886.70M,448.60M,214.50M,1.441,1.43,1.329B,1.983B,651.90M,2016-09,526.60M,185.20M,-5.50M,-5.50M,578.30M,0,1.516B,249.80M,808.20M,236.90M,51.70M,0,1.539B,402.10M,1.990B,7.101B,181.40M,4.185B,1.976B,5.111B,2.916B,3.135B,402.10M,791.30M,1.079B
ROK,2016-06,-1.328B,2.433B,857.20M,354.00M,214.70M,1.47,1.46,1.230B,1.953B,616.80M,2016-06,556.30M,191.00M,-18.10M,-18.10M,567.00M,0,1.522B,270.10M,883.20M,252.30M,61.30M,0,1.474B,346.70M,2.121B,6.856B,181.40M,4.154B,1.699B,4.734B,2.702B,3.035B,346.70M,867.00M,1.022B
ROK,2016-03,-1.326B,2.310B,846.20M,277.60M,226.80M,1.29,1.28,1.242B,1.931B,594.10M,2016-03,569.70M,168.00M,-17.60M,-17.60M,571.60M,0,1.513B,235.40M,753.60M,217.00M,49.00M,0,1.440B,358.70M,2.216B,6.540B,181.40M,4.063B,1.505B,4.324B,2.477B,2.819B,358.70M,736.70M,1.028B
ROK,2015-12,-1.339B,2.220B,813.90M,161.00M,217.10M,1.41,1.4,1.241B,1.911B,612.70M,2015-12,562.20M,185.50M,-17.40M,-17.40M,586.30M,0,1.493B,252.80M,764.10M,236.90M,51.40M,0,1.427B,359.90M,2.236B,6.420B,181.40M,3.957B,1.383B,4.183B,2.462B,2.800B,359.90M,747.90M,1.016B
ROK,2015-09,-1.335B,2.149B,943.30M,508.00M,200.80M,1.52,1.5,1.258B,1.905B,664.20M,2015-09,535.60M,201.30M,-6.00M,-6.00M,605.60M,0,1.501B,303.50M,796.60M,278.90M,77.60M,0,1.608B,360.70M,2.257B,6.405B,181.40M,3.897B,1.328B,4.148B,2.508B,2.820B,360.70M,779.70M,1.041B
ROK,2015-06,-1.015B,2.158B,897.00M,325.00M,212.00M,1.53,1.52,1.284B,1.896B,678.20M,2015-06,599.40M,206.10M,-16.40M,-16.40M,590.70M,0,1.492B,301.80M,888.60M,284.60M,78.50M,0,1.575B,376.40M,2.556B,6.406B,181.40M,4.175B,1.416B,3.850B,2.232B,2.434B,376.40M,872.40M,1.084B
ROK,2015-03,-1.041B,2.038B,877.60M,279.90M,209.80M,1.53,1.51,1.276B,1.870B,673.20M,2015-03,595.60M,206.00M,-15.70M,-15.70M,598.00M,0,1.505B,290.80M,769.60M,276.50M,70.50M,0,1.551B,382.40M,2.566B,6.280B,181.40M,4.046B,1.279B,3.714B,2.234B,2.434B,382.40M,752.20M,1.060B
ROK,2014-12,-1.016B,1.913B,886.90M,342.50M,198.80M,1.58,1.56,1.297B,1.870B,687.50M,2014-12,593.50M,214.20M,-14.90M,-14.90M,612.40M,0,905.60M,300.60M,787.90M,287.50M,73.30M,0,1.574B,386.90M,2.569B,6.202B,181.40M,3.932B,1.771B,3.633B,2.270B,1.862B,386.90M,772.90M,1.107B
ROK,2014-09,-948.00M,1.820B,1.029B,251.00M,196.50M,1.819,1.79,1.297B,1.888B,752.90M,2014-09,588.40M,248.70M,-5.50M,-5.50M,632.90M,0,900.40M,355.10M,798.40M,339.00M,90.30M,0,1.782B,397.80M,2.658B,6.224B,181.40M,3.934B,1.692B,3.566B,2.290B,1.874B,397.80M,782.80M,1.216B
ROK,2014-06,-760.60M,1.750B,968.00M,179.00M,235.00M,1.44,1.43,1.318B,1.899B,681.50M,2014-06,655.40M,199.70M,-14.40M,-14.40M,610.40M,0,905.40M,287.10M,882.80M,274.00M,74.30M,0,1.650B,394.40M,2.722B,6.145B,181.40M,3.908B,1.713B,3.423B,2.237B,1.710B,394.40M,867.80M,1.178B
ROK,2014-03,-775.60M,1.726B,944.70M,0,248.10M,1.3,1.28,1.312B,1.872B,655.80M,2014-03,667.50M,180.30M,-15.00M,-15.00M,610.30M,0,905.40M,263.30M,793.80M,248.40M,68.10M,0,1.600B,392.50M,2.750B,6.158B,181.40M,3.929B,1.697B,3.408B,2.229B,1.711B,392.50M,778.20M,1.204B
ROK,2013-12,-793.20M,1.611B,928.00M,0,222.60M,1.43,1.41,1.294B,1.847B,663.70M,2013-12,645.60M,198.10M,-14.90M,-14.90M,610.30M,0,905.10M,278.30M,789.30M,272.80M,74.70M,0,1.592B,385.40M,2.688B,5.941B,181.40M,3.720B,1.539B,3.253B,2.221B,1.714B,385.40M,774.30M,1.169B
ROK,2013-09,-817.70M,1.574B,1.018B,0,210.90M,1.55,1.53,1.236B,1.829B,697.20M,2013-09,615.40M,215.30M,-5.10M,-5.10M,616.00M,0,905.10M,293.50M,811.00M,279.20M,63.90M,0,1.716B,403.70M,2.586B,5.845B,181.40M,3.680B,1.545B,3.259B,2.165B,1.714B,403.70M,795.40M,1.186B
ROK,2013-06,-1.188B,1.397B,971.30M,220.00M,225.10M,1.46,1.45,1.219B,1.799B,652.90M,2013-06,619.00M,203.70M,-15.30M,-15.30M,581.40M,0,905.10M,269.20M,813.30M,257.40M,53.70M,0,1.624B,383.70M,2.008B,5.771B,181.40M,3.485B,1.552B,3.764B,2.286B,2.211B,383.70M,798.30M,1.155B
ROK,2013-03,-1.197B,1.331B,906.40M,236.00M,243.00M,1.25,1.24,1.216B,1.781B,616.40M,2013-03,640.00M,175.90M,-15.30M,-15.30M,585.00M,0,905.00M,239.60M,706.20M,227.10M,51.20M,0,1.523B,376.80M,2.020B,5.720B,181.40M,3.437B,1.470B,3.699B,2.283B,2.230B,376.80M,690.60M,1.139B
ROK,2012-12,-1.180B,1.304B,881.90M,253.00M,224.00M,1.16,1.14,1.242B,1.821B,607.30M,2012-12,646.60M,161.40M,-15.40M,-15.40M,579.50M,0,905.00M,233.80M,739.50M,217.20M,55.80M,0,1.489B,373.50M,1.968B,5.711B,181.40M,3.393B,1.488B,3.743B,2.318B,2.255B,373.50M,724.50M,1.126B
ROK,2012-09,-1.225B,1.254B,1.010B,157.00M,204.10M,1.396,1.38,1.158B,1.799B,654.20M,2012-09,619.00M,195.20M,-7.10M,-7.10M,587.10M,0,905.00M,267.80M,783.70M,254.90M,59.70M,0,1.664B,386.40M,1.852B,5.636B,181.40M,3.388B,1.532B,3.785B,2.249B,2.253B,386.40M,768.10M,1.187B
ROK,2012-06,-1.038B,1.156B,928.90M,270.00M,226.00M,1.34,1.33,1.144B,1.755B,631.50M,2012-06,634.80M,190.70M,-15.20M,-15.20M,563.90M,0,905.00M,261.70M,666.10M,244.80M,54.10M,0,1.560B,369.80M,1.922B,5.382B,181.40M,3.262B,1.556B,3.460B,2.121B,1.904B,369.80M,594.10M,1.139B
ROK,2012-03,-973.50M,1.124B,942.80M,259.00M,244.90M,1.18,1.16,1.169B,1.761B,618.30M,2012-03,664.10M,167.80M,-15.00M,-15.00M,565.70M,0,905.00M,245.20M,575.80M,223.30M,55.50M,0,1.561B,373.10M,2.031B,5.435B,181.40M,3.271B,1.482B,3.404B,2.164B,1.922B,373.10M,500.90M,1.15B
ROK,2011-12,-1.028B,1.034B,855.20M,350.00M,215.30M,1.29,1.27,1.155B,1.717B,618.70M,2011-12,677.30M,183.30M,-15.00M,-15.00M,559.10M,0,905.00M,256.30M,642.40M,242.90M,59.60M,0,1.474B,362.40M,1.855B,5.279B,181.40M,3.114B,1.513B,3.424B,2.165B,1.912B,362.40M,503.20M,1.045B
ROK,2011-09,-992.90M,988.90M,991.10M,0,189.00M,1.41,1.41,1.171B,1.720B,663.20M,2011-09,641.70M,201.80M,-8.60M,-8.60M,561.40M,0,905.00M,275.10M,695.70M,256.10M,54.30M,0,1.654B,388.10M,1.748B,5.285B,181.40M,3.075B,1.330B,3.537B,2.210B,2.207B,388.10M,680.10M,1.063B
ROK,2011-06,-708.10M,1.022B,909.40M,0,205.50M,1.25,1.23,1.193B,1.768B,606.80M,2011-06,690.50M,179.50M,-14.70M,-14.70M,544.20M,0,905.00M,236.80M,601.50M,221.20M,42.40M,0,1.516B,370.00M,1.897B,5.328B,181.40M,3.096B,1.339B,3.431B,2.232B,2.091B,370.00M,586.50M,1.045B
ROK,2011-03,-770.30M,1.020B,887.60M,0,202.70M,1.16,1.14,1.136B,1.735B,576.50M,2011-03,621.90M,166.40M,-15.40M,-15.40M,531.30M,0,904.90M,220.40M,537.10M,203.60M,37.20M,0,1.464B,356.10M,1.857B,5.111B,181.40M,2.948B,1.177B,3.254B,2.163B,2.077B,356.10M,521.50M,1.006B
