Ticker,Date,Accrued Comprehensive Inc,Cash and Short Term Investments,Cost of Goods Sold,Current Debt & Capital Lease Obligation,Current Deferred Liabilities,EPS Basic,EPS Diluted,Goodwill and Intangibles,Gross PP&E,Gross Profit,Income (Quarterly),Inventories,Net Income,Net Non-Operating Interest Income Expense,Net Operating Interest Income,Net PP&E,Non-Current Deferred Liabilities,Non-Current Portion of LTD and Capital Lease Obligation,Operating Income,Payables and Accrued Expenses,Pre-Tax Income,Provision for Income Taxes,Revenue,SG&A Expense,Shareholders Equity,Total Assets,Total Capital Stock,Total Current Assets,Total Current Liabilities,Total Liabilities,Total Long Term Assets,Total Long Term Liabilities,Total Operating Expenses,Total Payables,Total Receivables
RSG,2020-12,-12.40M,38.20M,1.547B,201.60M,345.60M,0.74,0.74,12.22B,18.78B,1.026B,2020-12,59.10M,235.40M,-77.00M,-77.00M,8.945B,1.365B,8.973B,481.70M,1.533B,201.30M,-35.00M,2.573B,250.50M,8.484B,23.43B,3.20M,1.522B,2.282B,14.95B,21.91B,12.66B,544.30M,1.047B,1.328B
RSG,2020-09,-15.50M,406.40M,1.535B,220.10M,341.60M,0.81,0.81,11.84B,18.42B,1.037B,2020-09,58.80M,260.00M,-88.40M,-88.40M,8.760B,1.345B,8.812B,489.20M,1.427B,318.70M,58.50M,2.572B,250.00M,8.370B,23.11B,3.50M,1.774B,2.191B,14.74B,21.34B,12.55B,547.50M,957.90M,1.199B
RSG,2020-06,-16.50M,269.70M,1.468B,94.40M,334.60M,0.71,0.71,11.80B,18.30B,986.30M,2020-06,58.50M,225.50M,-88.30M,-88.30M,8.730B,1.300B,8.816B,404.50M,1.400B,300.10M,73.80M,2.454B,280.90M,8.227B,22.83B,3.50M,1.569B,2.066B,14.60B,21.26B,12.53B,581.80M,930.80M,1.161B
RSG,2020-03,-17.60M,306.60M,1.550B,59.80M,342.90M,0.77,0.77,11.80B,18.14B,1.004B,2020-03,57.10M,246.30M,-96.30M,-96.30M,8.68B,1.294B,9.175B,436.70M,1.374B,322.60M,75.80M,2.554B,272.70M,8.117B,22.91B,3.50M,1.754B,1.981B,14.79B,21.16B,12.81B,567.10M,915.80M,1.296B
RSG,2019-12,2.20M,47.10M,1.544B,981.40M,336.00M,0.91,0.9,11.77B,17.90B,1.033B,2019-12,56.80M,289.30M,-94.10M,-94.10M,8.627B,1.297B,7.971B,469.20M,1.539B,284.90M,-5.10M,2.577B,275.00M,8.118B,22.68B,3.50M,1.606B,3.065B,14.56B,21.08B,11.50B,563.50M,1.048B,1.403B
RSG,2019-09,-8.50M,55.60M,1.631B,949.40M,341.10M,0.93,0.93,11.77B,17.70B,1.016B,2019-09,55.30M,298.30M,-96.00M,-96.00M,8.501B,1.188B,7.932B,452.30M,1.49B,369.50M,71.50M,2.647B,267.90M,7.976B,22.33B,3.50M,1.474B,2.997B,14.35B,20.86B,11.35B,563.20M,966.20M,1.251B
RSG,2019-06,3.90M,72.50M,1.617B,1.596B,331.30M,0.78,0.78,11.62B,17.40B,988.30M,2019-06,56.20M,251.50M,-97.10M,-97.10M,8.327B,1.171B,7.101B,441.00M,1.416B,328.60M,77.70M,2.605B,254.20M,7.953B,22.00B,3.50M,1.474B,3.571B,14.04B,20.52B,10.47B,547.30M,969.80M,1.266B
RSG,2019-03,24.80M,68.00M,1.506B,1.629B,330.80M,0.73,0.72,11.55B,17.11B,964.50M,2019-03,55.40M,234.20M,-98.50M,-98.50M,8.218B,1.161B,7.016B,426.10M,1.320B,312.80M,77.90M,2.471B,258.90M,7.920B,21.78B,3.50M,1.445B,3.468B,13.86B,20.34B,10.39B,538.40M,878.10M,1.235B
RSG,2018-12,30.80M,70.50M,1.526B,690.70M,338.70M,0.93,0.92,11.51B,16.75B,1.004B,2018-12,53.10M,300.90M,-95.90M,-95.90M,8.020B,1.124B,7.647B,447.50M,1.511B,357.30M,56.20M,2.53B,308.90M,7.927B,21.62B,3.50M,1.564B,2.719B,13.69B,20.05B,10.97B,556.90M,1.007B,1.350B
RSG,2018-09,55.90M,81.90M,1.577B,690.80M,336.40M,0.81,0.81,11.49B,16.48B,988.30M,2018-09,55.40M,263.40M,-95.50M,-95.50M,7.914B,1.076B,7.557B,444.90M,1.470B,340.30M,77.40M,2.566B,250.10M,7.922B,21.40B,3.50M,1.492B,2.675B,13.48B,19.91B,10.80B,543.40M,922.50M,1.246B
RSG,2018-06,52.80M,61.30M,1.577B,41.90M,340.60M,0.72,0.71,11.46B,16.29B,940.60M,2018-06,52.80M,234.90M,-96.30M,-96.30M,7.864B,971.70M,8.216B,412.00M,1.424B,312.60M,76.90M,2.518B,246.10M,7.846B,21.20B,3.50M,1.369B,1.990B,13.35B,19.83B,11.37B,528.60M,894.60M,1.176B
RSG,2018-03,41.70M,62.60M,1.470B,707.00M,341.50M,0.72,0.72,11.45B,16.03B,957.70M,2018-03,52.30M,237.70M,-94.60M,-94.60M,7.783B,944.60M,7.500B,413.00M,1.337B,310.60M,72.70M,2.428B,254.40M,7.912B,21.11B,3.50M,1.354B,2.560B,13.19B,19.75B,10.63B,544.70M,830.60M,1.148B
RSG,2017-12,22.60M,83.30M,1.593B,706.70M,312.10M,1.99,1.98,11.46B,15.82B,967.00M,2017-12,51.20M,664.40M,-119.80M,-119.80M,7.777B,894.30M,7.481B,432.40M,1.448B,295.70M,-368.80M,2.56B,297.10M,7.959B,21.15B,3.50M,1.437B,2.635B,13.19B,19.71B,10.55B,534.60M,853.90M,1.217B
RSG,2017-09,15.40M,63.90M,1.580B,705.70M,329.30M,0.66,0.66,11.39B,15.61B,981.90M,2017-09,47.80M,223.20M,-80.90M,-80.90M,7.750B,1.362B,7.152B,425.60M,1.393B,356.70M,133.40M,2.562B,258.70M,7.672B,20.95B,3.50M,1.397B,2.592B,13.27B,19.55B,10.68B,556.30M,858.20M,1.194B
RSG,2017-06,11.10M,36.00M,1.557B,705.40M,321.90M,0.6,0.6,11.37B,15.42B,969.30M,2017-06,45.40M,202.90M,-80.20M,-80.20M,7.690B,1.325B,7.076B,419.20M,1.346B,333.40M,130.00M,2.527B,253.50M,7.663B,20.76B,3.50M,1.293B,2.543B,13.10B,19.47B,10.55B,550.10M,839.50M,1.137B
RSG,2017-03,13.50M,33.20M,1.484B,6.20M,325.40M,0.55,0.55,11.36B,15.12B,908.70M,2017-03,45.00M,187.80M,-80.10M,-80.10M,7.593B,1.317B,7.664B,375.20M,1.280B,296.20M,108.40M,2.393B,249.20M,7.683B,20.60B,3.50M,1.234B,1.777B,12.91B,19.36B,11.13B,533.50M,806.50M,1.077B
RSG,2016-12,14.20M,67.80M,1.465B,5.80M,312.90M,0.56,0.55,11.35B,14.95B,913.90M,2016-12,44.00M,189.50M,-126.10M,-126.10M,7.589B,1.298B,7.653B,435.10M,1.328B,294.70M,105.10M,2.379B,246.80M,7.691B,20.63B,3.50M,1.284B,1.812B,12.94B,19.35B,11.12B,478.80M,795.00M,1.093B
RSG,2016-09,-23.00M,55.00M,1.477B,5.70M,320.20M,0.25,0.25,11.36B,14.79B,932.60M,2016-09,43.70M,85.60M,-79.30M,-79.30M,7.616B,1.281B,7.740B,408.30M,1.324B,126.90M,41.20M,2.409B,229.40M,7.639B,20.66B,3.50M,1.302B,1.818B,13.02B,19.36B,11.20B,524.30M,788.10M,1.110B
RSG,2016-06,-30.90M,42.00M,1.441B,5.60M,320.30M,0.53,0.52,11.37B,14.67B,910.00M,2016-06,41.90M,180.80M,-82.40M,-82.40M,7.634B,1.232B,7.608B,387.00M,1.351B,291.70M,110.70M,2.351B,236.50M,7.756B,20.65B,3.50M,1.259B,1.848B,12.89B,19.39B,11.04B,523.00M,814.00M,1.106B
RSG,2016-03,-31.10M,33.40M,1.381B,5.50M,316.90M,0.45,0.45,11.38B,14.45B,867.20M,2016-03,38.80M,156.70M,-82.50M,-82.50M,7.612B,1.216B,7.555B,347.70M,1.304B,252.60M,95.70M,2.249B,242.20M,7.763B,20.54B,3.50M,1.183B,1.810B,12.77B,19.36B,10.96B,519.50M,795.10M,1.039B
RSG,2015-12,-30.50M,32.40M,1.404B,5.50M,313.90M,0.5,0.49,11.39B,14.20B,886.50M,2015-12,38.80M,172.20M,-82.70M,-82.70M,7.553B,1.215B,7.527B,343.90M,1.334B,261.90M,89.50M,2.290B,262.70M,7.774B,20.54B,3.50M,1.230B,1.835B,12.76B,19.31B,10.92B,542.60M,808.10M,1.088B
RSG,2015-09,-26.60M,102.50M,1.390B,5.40M,316.50M,0.62,0.61,11.39B,14.05B,953.80M,2015-09,37.70M,215.00M,-81.50M,-81.50M,7.553B,1.215B,7.556B,432.70M,1.380B,350.80M,135.60M,2.344B,237.90M,7.800B,20.79B,4.20M,1.444B,1.900B,12.99B,19.35B,11.09B,521.10M,827.20M,1.106B
RSG,2015-06,-21.70M,99.90M,1.420B,5.10M,315.80M,0.54,0.54,11.38B,13.93B,891.00M,2015-06,37.20M,190.30M,-81.30M,-81.30M,7.539B,1.224B,7.548B,379.10M,1.28B,298.70M,108.40M,2.311B,230.00M,7.762B,20.67B,4.10M,1.341B,1.788B,12.90B,19.33B,11.11B,511.90M,775.60M,1.026B
RSG,2015-03,-27.80M,134.30M,1.304B,10.10M,314.60M,0.49,0.49,11.38B,13.67B,865.10M,2015-03,37.00M,172.40M,-79.00M,-79.00M,7.447B,1.224B,7.554B,363.50M,1.246B,284.50M,112.00M,2.169B,234.30M,7.762B,20.59B,4.20M,1.344B,1.756B,12.83B,19.25B,11.07B,501.60M,754.80M,990.20M
RSG,2014-12,-28.90M,75.20M,1.540B,10.40M,306.30M,0.14,0.14,11.13B,13.20B,688.70M,2014-12,35.90M,50.30M,-78.30M,-78.30M,7.165B,1.225B,7.051B,176.80M,1.327B,79.00M,28.50M,2.229B,248.50M,7.745B,20.09B,4.10M,1.391B,1.826B,12.35B,18.70B,10.52B,511.90M,767.90M,1.101B
RSG,2014-09,-2.20M,113.00M,1.401B,10.50M,311.70M,0.52,0.52,11.04B,13.01B,866.80M,2014-09,38.20M,185.80M,-77.40M,-77.40M,7.149B,1.234B,7.02B,372.90M,1.251B,295.40M,109.60M,2.268B,221.40M,7.929B,19.99B,4.10M,1.361B,1.725B,12.06B,18.63B,10.33B,493.90M,760.60M,1.026B
RSG,2014-06,4.50M,49.50M,1.377B,10.10M,313.30M,0.5,0.5,11.04B,12.81B,852.30M,2014-06,38.60M,179.00M,-77.00M,-77.00M,7.127B,1.223B,7.042B,370.50M,1.235B,290.70M,111.70M,2.229B,217.50M,7.853B,19.88B,4.10M,1.225B,1.706B,12.02B,18.65B,10.32B,481.80M,732.60M,966.30M
RSG,2014-03,1.40M,175.80M,1.325B,5.40M,307.10M,0.37,0.37,11.03B,12.55B,752.50M,2014-03,38.20M,132.50M,-77.30M,-77.30M,7.053B,1.240B,7.008B,296.50M,1.246B,220.20M,87.60M,2.077B,210.40M,7.822B,19.84B,4.10M,1.307B,1.697B,12.02B,18.54B,10.32B,456.00M,746.40M,911.10M
RSG,2013-12,3.00M,213.30M,1.284B,15.70M,301.80M,0.66,0.65,11.04B,12.36B,857.50M,2013-12,37.80M,236.60M,-79.80M,-79.80M,7.037B,1.252B,7.002B,392.40M,1.248B,313.40M,76.70M,2.142B,201.50M,7.904B,19.95B,4.10M,1.422B,1.717B,12.04B,18.53B,10.33B,465.10M,726.40M,984.20M
RSG,2013-09,-0.80M,97.30M,1.318B,15.50M,308.80M,0.47,0.47,11.04B,12.20B,847.80M,2013-09,36.90M,171.40M,-79.80M,-79.80M,7.047B,1.220B,7.024B,342.90M,1.310B,263.40M,92.30M,2.165B,250.60M,7.737B,19.83B,4.10M,1.290B,1.769B,12.09B,18.54B,10.32B,504.90M,735.80M,983.90M
RSG,2013-06,-7.40M,96.70M,1.41B,15.30M,298.70M,0.16,0.15,11.04B,12.01B,701.70M,2013-06,36.00M,56.30M,-79.90M,-79.90M,7.018B,1.232B,7.013B,173.20M,1.298B,91.10M,34.70M,2.112B,277.50M,7.710B,19.77B,4.10M,1.269B,1.751B,12.06B,18.51B,10.31B,528.50M,738.90M,955.50M
RSG,2013-03,-4.70M,130.10M,1.223B,25.10M,314.10M,0.34,0.34,11.04B,11.77B,775.50M,2013-03,35.10M,124.60M,-79.20M,-79.20M,6.947B,1.266B,7.008B,267.90M,1.202B,183.30M,58.40M,1.999B,265.80M,7.732B,19.64B,4.10M,1.223B,1.675B,11.90B,18.42B,10.23B,507.60M,702.60M,874.30M
RSG,2012-12,-5.80M,67.60M,1.284B,19.40M,313.20M,0.35,0.35,11.05B,11.56B,744.90M,2012-12,34.50M,127.00M,-81.50M,-81.50M,6.910B,1.283B,7.051B,290.10M,1.211B,199.10M,72.10M,2.028B,199.70M,7.703B,19.62B,4.10M,1.231B,1.695B,11.91B,18.39B,10.22B,454.80M,685.70M,945.20M
RSG,2012-09,-19.80M,74.00M,1.280B,44.40M,311.10M,0.42,0.42,11.05B,11.39B,766.40M,2012-09,35.50M,152.70M,-81.00M,-81.00M,6.903B,1.165B,7.06B,306.20M,1.207B,223.10M,70.30M,2.047B,217.10M,7.739B,19.63B,4.00M,1.27B,1.699B,11.89B,18.36B,10.19B,460.20M,577.10M,959.50M
RSG,2012-06,-31.80M,69.30M,1.238B,34.00M,323.50M,0.41,0.4,11.07B,11.20B,822.10M,2012-06,34.10M,149.20M,-87.10M,-87.10M,6.883B,1.152B,7.079B,375.50M,1.256B,178.60M,29.10M,2.061B,194.90M,7.680B,19.59B,4.00M,1.234B,1.752B,11.91B,18.36B,10.16B,446.60M,620.10M,939.70M
RSG,2012-03,-17.30M,73.50M,1.203B,34.20M,309.00M,0.39,0.38,11.05B,11.06B,779.20M,2012-03,35.30M,142.90M,-91.70M,-91.70M,6.813B,1.165B,6.870B,311.00M,1.373B,223.10M,80.30M,1.982B,215.30M,7.752B,19.46B,4.00M,1.179B,1.716B,11.70B,18.28B,9.986B,468.20M,451.00M,808.40M
RSG,2011-12,-21.50M,66.30M,1.208B,34.80M,290.20M,0.52,0.51,11.06B,10.85B,817.60M,2011-12,35.20M,191.00M,-55.00M,-55.00M,6.792B,1.192B,6.887B,320.30M,1.458B,259.00M,68.00M,2.025B,192.90M,7.681B,19.55B,4.00M,1.266B,1.898B,11.87B,18.29B,9.971B,497.30M,789.70M,948.70M
RSG,2011-09,-2.20M,72.60M,1.26B,9.70M,306.80M,0.52,0.52,11.07B,10.63B,856.20M,2011-09,37.80M,193.50M,-108.30M,-108.30M,6.709B,1.070B,7.022B,414.30M,1.285B,296.00M,102.40M,2.116B,207.50M,7.612B,19.46B,4.00M,1.254B,1.858B,11.84B,18.20B,9.984B,441.90M,615.40M,972.70M
RSG,2011-06,3.80M,320.50M,1.238B,397.80M,304.90M,0.12,0.12,11.08B,10.48B,848.80M,2011-06,34.40M,46.50M,-111.30M,-111.30M,6.703B,1.013B,6.908B,420.60M,1.228B,91.30M,45.10M,2.087B,200.10M,7.665B,19.68B,4.00M,1.480B,2.204B,12.02B,18.20B,9.811B,428.20M,552.10M,948.40M
RSG,2011-03,17.60M,67.90M,1.160B,615.70M,316.40M,0.41,0.41,11.09B,10.35B,805.20M,2011-03,36.30M,158.20M,-115.50M,-115.50M,6.694B,1.052B,6.192B,375.80M,1.182B,260.00M,101.90M,1.965B,203.90M,7.795B,19.40B,4.00M,1.210B,2.371B,11.60B,18.19B,9.228B,429.40M,507.40M,916.90M
