Ticker,Date,Accrued Comprehensive Inc,Cash and Short Term Investments,Cost of Goods Sold,Current Debt & Capital Lease Obligation,Current Deferred Liabilities,EPS Basic,EPS Diluted,Goodwill and Intangibles,Gross PP&E,Gross Profit,Income (Quarterly),Net Income,Net Non-Operating Interest Income Expense,Net Operating Interest Income,Net PP&E,Non-Current Deferred Liabilities,Non-Current Portion of LTD and Capital Lease Obligation,Operating Income,Payables and Accrued Expenses,Pre-Tax Income,Provision for Income Taxes,Revenue,SG&A Expense,Shareholders Equity,Total Assets,Total Capital Stock,Total Current Assets,Total Current Liabilities,Total Liabilities,Total Long Term Assets,Total Long Term Liabilities,Total Operating Expenses,Total Payables,Total Receivables
SBAC,2020-12,-807.58M,308.56M,127.99M,260.04M,113.12M,0.96,0.94,3.156B,8.498B,407.92M,2020-12,105.78M,-102.56M,-102.56M,5.051B,0,13.17B,179.94M,227.35M,140.53M,34.35M,535.91M,47.41M,-4.824B,9.158B,1.098M,472.99M,614.80M,13.98B,8.685B,13.37B,227.97M,119.55M,108.88M
SBAC,2020-09,-873.61M,271.87M,121.52M,253.18M,155.80M,0.2,0.2,3.063B,8.375B,401.42M,2020-09,22.57M,-102.24M,-102.24M,5.008B,0,12.77B,172.78M,125.64M,13.24M,-9.441M,522.94M,48.15M,-4.486B,9.035B,1.114M,458.59M,551.25M,13.52B,8.576B,12.97B,228.64M,41.07M,95.15M
SBAC,2020-06,-867.88M,433.34M,111.50M,253.85M,130.67M,0.2,0.2,3.175B,8.332B,395.72M,2020-06,22.81M,-102.51M,-102.51M,5.034B,0,12.67B,167.85M,142.35M,22.95M,-0.165M,507.23M,49.09M,-4.305B,9.391B,1.119M,624.09M,552.66M,13.70B,8.766B,13.14B,227.87M,37.49M,110.17M
SBAC,2020-03,-846.85M,184.14M,115.51M,754.08M,133.55M,-1.14,-1.14,3.294B,8.350B,401.55M,2020-03,-127.06M,-102.51M,-102.51M,5.118B,0,12.20B,168.71M,113.81M,-194.47M,-66.54M,517.07M,49.62M,-4.317B,9.360B,1.116M,395.06M,1.020B,13.68B,8.964B,12.66B,232.84M,36.33M,126.02M
SBAC,2019-12,-568.76M,108.31M,121.26M,769.10M,113.51M,0.6,0.59,3.627B,8.558B,392.40M,2019-12,67.35M,-104.92M,-104.92M,5.367B,0,12.09B,166.70M,148.73M,84.35M,16.79M,513.66M,43.96M,-3.667B,9.760B,1.118M,334.27M,1.048B,13.43B,9.426B,12.38B,225.70M,41.44M,158.44M
SBAC,2019-09,-620.78M,129.43M,123.51M,254.20M,112.38M,0.19,0.19,3.262B,8.330B,384.04M,2019-09,21.68M,-101.08M,-101.08M,5.213B,0,12.00B,166.52M,132.77M,18.76M,-3.002M,507.55M,42.27M,-3.560B,9.201B,1.126M,329.25M,510.15M,12.76B,8.872B,12.25B,217.52M,45.60M,151.03M
SBAC,2019-06,-554.92M,127.37M,124.45M,1.175B,95.13M,0.28,0.28,3.238B,8.319B,375.70M,2019-06,31.97M,-101.63M,-101.63M,5.264B,0,10.98B,148.28M,148.99M,47.58M,15.61M,500.15M,55.52M,-3.339B,9.269B,1.131M,315.73M,1.428B,12.61B,8.954B,11.18B,227.42M,51.28M,143.05M
SBAC,2019-03,-531.76M,117.61M,123.82M,1.171B,98.97M,0.23,0.23,3.259B,8.299B,369.48M,2019-03,25.99M,-102.57M,-102.57M,5.314B,0,11.06B,147.17M,123.14M,36.20M,10.21M,493.29M,50.96M,-3.303B,9.313B,1.132M,300.57M,1.405B,12.62B,9.012B,11.21B,222.31M,42.31M,136.50M
SBAC,2018-12,-511.90M,143.44M,122.30M,941.73M,108.05M,0.5,0.5,3.331B,5.710B,361.55M,2018-12,57.15M,-101.84M,-101.84M,2.786B,0,8.997B,154.48M,146.70M,73.03M,15.88M,483.85M,35.62M,-3.377B,7.214B,1.124M,373.85M,1.206B,10.59B,6.840B,9.384B,207.07M,42.24M,146.00M
SBAC,2018-09,-528.52M,136.22M,116.74M,24.00M,96.58M,0.14,0.14,3.388B,5.644B,350.48M,2018-09,16.14M,-99.32M,-99.32M,2.788B,0,9.710B,147.87M,134.40M,14.16M,-1.979M,467.22M,34.91M,-3.145B,7.214B,1.142M,327.66M,265.51M,10.36B,6.886B,10.09B,202.61M,41.62M,117.98M
SBAC,2018-06,-500.92M,134.65M,114.41M,24.00M,94.55M,-0.5,-0.5,3.460B,5.575B,341.91M,2018-06,-57.39M,-97.50M,-97.50M,2.778B,0,9.676B,136.41M,142.78M,-75.64M,-18.25M,456.32M,35.94M,-3.042B,7.289B,1.148M,326.88M,277.81M,10.33B,6.963B,10.05B,205.50M,41.30M,101.16M
SBAC,2018-03,-379.11M,109.35M,115.34M,20.00M,93.41M,0.27,0.27,3.601B,5.544B,342.96M,2018-03,31.54M,-93.75M,-93.75M,2.803B,0,9.364B,141.52M,123.64M,40.13M,8.582M,458.30M,36.05M,-2.588B,7.405B,1.165M,302.78M,250.93M,9.993B,7.102B,9.742B,201.45M,36.45M,114.14M
SBAC,2017-12,-379.46M,68.78M,114.53M,20.00M,97.97M,0.07,0.06,3.598B,5.491B,328.54M,2017-12,7.66M,-89.72M,-89.72M,2.812B,0,9.291B,135.38M,152.10M,10.73M,3.07M,443.07M,30.52M,-2.599B,7.320B,1.164M,259.53M,278.90M,9.919B,7.061B,9.640B,193.16M,40.46M,109.06M
SBAC,2017-09,-342.45M,139.71M,111.47M,773.29M,101.17M,0.41,0.41,3.551B,5.397B,322.48M,2017-09,49.16M,-84.53M,-84.53M,2.777B,0,8.186B,128.01M,137.15M,52.54M,3.378M,433.94M,32.56M,-2.258B,7.300B,1.184M,324.07M,1.023B,9.558B,6.976B,8.536B,194.47M,32.43M,99.92M
SBAC,2017-06,-378.92M,164.52M,109.34M,772.52M,98.79M,0.08,0.08,3.569B,5.331B,317.95M,2017-06,9.233M,-81.21M,-81.21M,2.774B,0,7.906B,125.04M,167.39M,12.62M,3.39M,427.29M,33.39M,-1.986B,7.309B,1.21M,336.46M,1.046B,9.295B,6.972B,8.248B,192.91M,37.44M,88.04M
SBAC,2017-03,-342.90M,132.22M,110.97M,20.00M,96.04M,0.31,0.31,3.606B,5.286B,312.39M,2017-03,37.60M,-81.77M,-81.77M,2.786B,0,8.646B,119.14M,102.80M,41.00M,3.398M,423.36M,34.22M,-1.916B,7.297B,1.213M,301.27M,228.59M,9.214B,6.996B,8.985B,193.25M,36.70M,87.32M
SBAC,2016-12,-370.18M,146.11M,106.27M,627.16M,101.10M,0.04,0.04,3.657B,5.232B,310.24M,2016-12,5.262M,-80.84M,-80.84M,2.792B,0,8.148B,118.66M,133.95M,10.55M,5.285M,416.50M,33.02M,-1.996B,7.361B,1.21M,324.57M,873.45M,9.357B,7.036B,8.483B,191.58M,28.32M,89.47M
SBAC,2016-09,-370.39M,165.45M,105.47M,515.88M,94.50M,-0.12,-0.12,3.711B,5.159B,305.85M,2016-09,-15.37M,-86.36M,-86.36M,2.780B,0,8.515B,113.48M,119.92M,-13.80M,1.574M,411.32M,32.26M,-1.669B,7.916B,1.243M,858.20M,738.77M,9.585B,7.058B,8.846B,192.37M,34.03M,86.65M
SBAC,2016-06,-364.86M,134.18M,106.57M,568.92M,89.65M,0.26,0.26,3.789B,5.125B,298.96M,2016-06,32.71M,-86.73M,-86.73M,2.805B,0,7.914B,91.58M,137.08M,34.71M,2.001M,405.53M,47.66M,-1.608B,7.436B,1.246M,291.26M,804.91M,9.044B,7.145B,8.239B,207.39M,34.41M,77.79M
SBAC,2016-03,-441.35M,103.97M,102.60M,20.00M,87.28M,0.43,0.43,3.764B,5.062B,297.17M,2016-03,53.64M,-87.66M,-87.66M,2.803B,0,8.452B,106.97M,116.19M,55.84M,2.205M,399.77M,30.41M,-1.631B,7.372B,1.255M,282.55M,233.07M,9.002B,7.089B,8.769B,190.21M,28.28M,100.26M
SBAC,2015-12,-502.04M,118.74M,109.44M,20.00M,97.08M,0.25,0.24,3.735B,4.976B,297.50M,2015-12,31.02M,-87.95M,-87.95M,2.782B,0,8.432B,107.11M,144.22M,32.97M,1.949M,406.94M,28.93M,-1.706B,7.313B,1.257M,293.96M,273.37M,9.019B,7.019B,8.746B,190.40M,35.00M,100.26M
SBAC,2015-09,-501.49M,73.97M,111.73M,40.00M,92.24M,-1.23,-1.23,3.737B,4.857B,299.00M,2015-09,-155.95M,-85.85M,-85.85M,2.721B,0,8.447B,106.80M,137.02M,-154.02M,1.926M,410.74M,27.87M,-1.698B,7.397B,1.261M,334.87M,288.27M,9.094B,7.062B,8.806B,192.20M,41.90M,99.18M
SBAC,2015-06,-330.40M,70.54M,112.11M,40.00M,113.30M,0.22,0.22,4.032B,4.867B,298.59M,2015-06,28.30M,-83.14M,-83.14M,2.787B,0,8.216B,107.95M,147.79M,30.53M,2.224M,410.70M,28.26M,-1.133B,7.752B,1.282M,344.48M,314.05M,8.885B,7.407B,8.571B,190.64M,38.45M,117.64M
SBAC,2015-03,-356.94M,67.19M,111.11M,33.75M,108.63M,-0.61,-0.61,3.926B,4.717B,298.98M,2015-03,-79.03M,-82.18M,-82.18M,2.702B,0,7.930B,97.25M,127.39M,-76.07M,2.963M,410.09M,29.88M,-1.037B,7.527B,1.294M,325.01M,286.48M,8.564B,7.202B,8.278B,201.74M,39.60M,120.68M
SBAC,2014-12,-182.49M,44.99M,112.00M,32.50M,120.05M,0.003,0.003,4.190B,4.709B,292.73M,2014-12,0.39M,-81.39M,-81.39M,2.762B,0,7.828B,103.91M,161.58M,4.315M,3.925M,404.73M,26.61M,-660.80M,7.841B,1.291M,326.89M,331.05M,8.502B,7.514B,8.171B,188.82M,48.18M,134.35M
SBAC,2014-09,-94.14M,455.80M,111.88M,1.078B,108.05M,-0.13,-0.13,3.911B,4.564B,281.42M,2014-09,-16.62M,-90.84M,-90.84M,2.688B,0,6.472B,95.42M,148.48M,-15.64M,0.982M,393.29M,26.59M,-297.62M,7.809B,1.291M,674.39M,1.346B,8.107B,7.135B,6.760B,186.00M,40.55M,106.54M
SBAC,2014-06,34.32M,113.48M,107.44M,1.080B,91.02M,-0.07,-0.07,4.041B,4.500B,275.98M,2014-06,-9.467M,-83.89M,-83.89M,2.691B,0,5.779B,89.54M,157.95M,-7.424M,2.043M,383.42M,25.44M,159.29M,7.565B,1.291M,314.02M,1.340B,7.405B,7.251B,6.065B,186.45M,36.21M,98.49M
SBAC,2014-03,-0.672M,327.97M,97.17M,503.78M,89.92M,0.01,0.01,4.081B,4.431B,248.38M,2014-03,1.407M,-80.48M,-80.48M,2.693B,0,6.366B,79.26M,148.15M,3.093M,1.686M,345.55M,24.68M,396.19M,7.791B,1.288M,516.13M,756.78M,7.395B,7.275B,6.638B,169.12M,35.40M,90.22M
SBAC,2013-12,-33.68M,127.56M,100.54M,481.89M,94.66M,-0.15,-0.15,3.387B,4.251B,234.86M,2013-12,-19.16M,-77.29M,-77.29M,2.578B,0,5.395B,79.82M,157.12M,-21.91M,-2.75M,335.40M,21.71M,356.97M,6.783B,1.284M,343.65M,747.67M,6.426B,6.440B,5.679B,155.04M,34.12M,99.20M
SBAC,2013-09,-12.56M,194.28M,103.30M,11.25M,84.92M,0.17,0.16,3.122B,4.197B,228.80M,2013-09,21.53M,-76.34M,-76.34M,2.579B,0,5.637B,73.69M,135.40M,21.74M,0.207M,332.09M,21.83M,448.43M,6.584B,1.281M,390.43M,252.86M,6.136B,6.194B,5.883B,155.11M,26.17M,99.20M
SBAC,2013-06,-14.17M,194.83M,103.72M,10.00M,72.74M,-0.28,-0.28,3.088B,4.130B,220.58M,2013-06,-35.90M,-78.49M,-78.49M,2.570B,0,5.631B,57.98M,110.52M,-34.02M,1.875M,324.30M,21.51M,435.74M,6.485B,1.278M,352.08M,212.90M,6.049B,6.132B,5.836B,162.60M,24.10M,83.44M
SBAC,2013-03,4.345M,126.40M,100.70M,478.45M,72.15M,-0.18,-0.18,3.085B,4.154B,212.38M,2013-03,-22.38M,-79.79M,-79.79M,2.655B,0,4.885B,66.31M,106.27M,-23.02M,-0.641M,313.07M,20.43M,696.64M,6.450B,1.273M,269.94M,675.14M,5.753B,6.180B,5.078B,146.07M,22.71M,76.34M
SBAC,2012-12,2.791M,238.57M,89.43M,475.35M,76.67M,-0.41,-0.41,3.134B,4.110B,204.42M,2012-12,-52.49M,-80.21M,-80.21M,2.671B,0,4.881B,53.43M,115.98M,-50.75M,1.785M,293.84M,19.62M,652.99M,6.616B,1.269M,388.86M,863.69M,5.963B,6.227B,5.099B,150.98M,37.27M,62.74M
SBAC,2012-09,1.934M,1.447B,71.68M,529.60M,58.58M,-0.43,-0.43,2.101B,3.425B,166.92M,2012-09,-52.44M,-71.32M,-71.32M,2.052B,0,4.776B,48.35M,94.51M,-52.64M,1.029M,238.61M,17.56M,440.53M,6.083B,1.218M,1.557B,688.75M,5.631B,4.526B,4.942B,118.58M,19.86M,35.08M
SBAC,2012-06,0.248M,91.76M,66.20M,918.01M,54.52M,-0.44,-0.44,2.121B,3.387B,162.94M,2012-06,-53.47M,-64.94M,-64.94M,2.067B,0,3.091B,51.20M,73.01M,-52.38M,2.453M,229.15M,17.74M,480.20M,4.794B,1.215M,303.16M,1.051B,4.301B,4.490B,3.251B,111.74M,16.83M,26.25M
SBAC,2012-03,1.227M,531.30M,52.19M,5.00M,47.81M,-0.2,-0.2,1.644B,2.845B,140.30M,2012-03,-22.63M,-61.62M,-61.62M,1.575B,0,3.565B,40.98M,57.50M,-21.32M,1.327M,192.49M,17.22M,259.57M,4.087B,1.16M,604.62M,113.93M,3.815B,3.482B,3.701B,99.32M,13.12M,23.92M
SBAC,2011-12,0.485M,53.09M,50.26M,5.00M,49.78M,-0.27,-0.27,1.640B,2.810B,133.56M,2011-12,-29.08M,-67.96M,-67.96M,1.583B,0,3.349B,38.32M,68.85M,-28.84M,0.329M,183.82M,15.80M,-11.31M,3.606B,1.097M,129.36M,126.88M,3.618B,3.477B,3.491B,95.24M,18.31M,39.76M
SBAC,2011-09,-0.617M,184.59M,51.85M,5.00M,54.97M,-0.3,-0.3,1.550B,2.745B,123.70M,2011-09,-33.30M,-58.36M,-58.36M,1.561B,0,3.334B,30.15M,69.69M,-33.05M,0.391M,175.55M,15.42M,6.299M,3.609B,1.094M,260.55M,132.89M,3.591B,3.349B,3.458B,93.55M,15.97M,17.84M
SBAC,2011-06,2.424M,280.58M,50.11M,5.00M,52.53M,-0.27,-0.27,1.551B,2.697B,120.95M,2011-06,-29.82M,-54.11M,-54.11M,1.554B,0,3.319B,28.53M,68.40M,-29.21M,0.702M,171.05M,15.72M,112.92M,3.693B,1.114M,352.81M,129.23M,3.568B,3.340B,3.439B,92.41M,15.51M,18.27M
SBAC,2011-03,2.359M,97.44M,50.70M,0,59.77M,-0.3,-0.3,1.531B,2.642B,117.04M,2011-03,-34.25M,-53.14M,-53.14M,1.538B,0,3.005B,26.27M,56.98M,-33.68M,0.691M,167.75M,15.90M,213.08M,3.466B,1.133M,173.39M,120.25M,3.241B,3.293B,3.121B,90.77M,13.03M,19.35M
