Ticker,Date,Accrued Comprehensive Inc,Cash and Short Term Investments,Cost of Goods Sold,Current Debt & Capital Lease Obligation,Current Deferred Liabilities,EPS Basic,EPS Diluted,Goodwill and Intangibles,Gross PP&E,Gross Profit,Income (Quarterly),Inventories,Net Income,Net Non-Operating Interest Income Expense,Net Operating Interest Income,Net PP&E,Non-Current Deferred Liabilities,Non-Current Portion of LTD and Capital Lease Obligation,Operating Income,Payables and Accrued Expenses,Pre-Tax Income,Provision for Income Taxes,Revenue,SG&A Expense,Shareholders Equity,Total Assets,Total Capital Stock,Total Current Assets,Total Current Liabilities,Total Liabilities,Total Long Term Assets,Total Long Term Liabilities,Total Operating Expenses,Total Payables,Total Receivables
SBUX,2020-12,-145.90M,5.264B,4.916B,2.510B,1.871B,0.53,0.53,4.213B,22.31B,1.833B,2020-12,1.472B,622.20M,-105.20M,-105.20M,14.38B,6.598B,22.43B,903.00M,3.281B,808.30M,186.10M,6.749B,472.10M,-7.910B,29.97B,1.20M,8.358B,7.884B,37.87B,21.61B,29.99B,930.00M,1.887B,1.370B
SBUX,2020-09,-364.60M,4.632B,4.66B,2.938B,1.456B,0.3346,0.33,4.149B,22.29B,1.543B,2020-09,1.551B,392.60M,-115.90M,-115.90M,14.38B,6.598B,22.32B,641.10M,2.709B,442.40M,49.70M,6.203B,439.00M,-7.805B,29.37B,1.20M,7.806B,7.347B,37.17B,21.57B,29.83B,902.00M,1.259B,1.395B
SBUX,2020-06,-529.90M,4.196B,4.022B,3.423B,1.463B,-0.58,-0.58,4.110B,22.78B,200.30M,2020-06,1.584B,-678.40M,-108.10M,-108.10M,14.51B,6.643B,22.30B,-694.20M,2.877B,-812.00M,-133.90M,4.222B,399.90M,-8.622B,29.14B,1.20M,7.581B,8.002B,37.76B,21.56B,29.76B,894.50M,1.547B,1.525B
SBUX,2020-03,-521.80M,2.625B,4.719B,3.61B,1.436B,0.28,0.28,4.172B,22.84B,1.277B,2020-03,1.492B,328.40M,-97.20M,-97.20M,14.65B,6.686B,19.31B,418.80M,2.986B,390.20M,65.40M,5.996B,406.50M,-7.530B,27.48B,1.20M,5.750B,8.266B,35.01B,21.73B,26.75B,857.80M,1.697B,1.332B
SBUX,2019-12,-387.40M,3.109B,5.058B,2.266B,1.694B,0.75,0.74,4.255B,22.78B,2.039B,2019-12,1.409B,885.70M,-76.00M,-76.00M,14.75B,6.749B,18.36B,1.152B,4.498B,1.144B,258.50M,7.097B,434.20M,-6.760B,27.73B,1.20M,5.900B,8.676B,34.49B,21.83B,25.81B,887.00M,3.160B,1.049B
SBUX,2019-09,-503.30M,2.757B,4.849B,0,1.269B,0.6778,0.67,4.273B,14.27B,1.898B,2019-09,1.529B,802.80M,-79.40M,-79.40M,6.432B,6.744B,11.17B,1.003B,4.689B,1.004B,201.50M,6.747B,458.40M,-6.232B,19.22B,1.20M,5.654B,6.169B,25.45B,13.57B,19.28B,894.80M,3.144B,1.020B
SBUX,2019-06,-349.00M,4.835B,4.843B,75.00M,1.300B,1.13,1.12,4.418B,13.86B,1.980B,2019-06,1.517B,1.373B,-46.20M,-46.20M,6.188B,6.718B,11.16B,1.083B,3.747B,1.677B,303.70M,6.823B,459.70M,-4.321B,20.89B,1.20M,7.735B,5.896B,25.21B,13.16B,19.32B,897.20M,2.845B,898.10M
SBUX,2019-03,-271.50M,2.132B,4.566B,349.90M,1.311B,0.54,0.53,4.522B,13.67B,1.740B,2019-03,1.443B,663.20M,-58.70M,-58.70M,6.136B,6.762B,9.142B,838.40M,3.125B,820.00M,161.20M,6.306B,458.10M,-5.037B,17.64B,1.20M,4.952B,5.273B,22.68B,12.69B,17.40B,901.40M,2.318B,900.00M
SBUX,2018-12,-343.20M,4.992B,4.763B,0,1.554B,0.61,0.61,4.542B,13.47B,1.870B,2018-12,1.355B,760.60M,-50.20M,-50.20M,6.039B,6.824B,9.131B,991.10M,3.106B,965.50M,205.10M,6.633B,448.00M,-2.885B,19.98B,1.20M,7.676B,5.428B,22.86B,12.30B,17.43B,879.00M,2.322B,843.20M
SBUX,2018-09,-330.30M,8.938B,4.482B,0,1.643B,0.5773,0.56,4.584B,13.20B,1.822B,2018-09,1.400B,755.50M,-27.70M,-27.70M,5.929B,6.776B,9.090B,913.90M,3.478B,931.60M,175.50M,6.304B,409.20M,1.170B,24.16B,1.30M,12.49B,5.684B,22.98B,11.66B,17.30B,908.20M,1.911B,1.648B
SBUX,2018-06,-202.70M,1.977B,4.378B,649.80M,1.445B,0.62,0.61,4.770B,12.80B,1.932B,2018-06,1.387B,852.50M,-13.90M,-13.90M,5.690B,362.60M,6.149B,983.70M,2.605B,1.027B,174.80M,6.310B,485.90M,3.991B,17.18B,1.40M,5.583B,5.552B,13.19B,11.60B,7.634B,948.20M,1.693B,1.811B
SBUX,2018-03,32.90M,2.242B,4.304B,349.70M,1.484B,0.47,0.47,5.022B,12.54B,1.728B,2018-03,1.376B,660.10M,0.40M,0.40M,5.577B,4.40M,6.185B,854.50M,2.572B,815.60M,155.80M,6.032B,420.60M,4.711B,17.55B,1.40M,5.657B,5.187B,12.84B,11.90B,7.649B,873.00M,1.614B,869.60M
SBUX,2017-12,-125.30M,3.768B,4.239B,349.90M,1.668B,1.58,1.57,4.921B,12.23B,1.835B,2017-12,1.313B,2.250B,62.30M,62.30M,5.379B,0,4.566B,1.054B,4.078B,3.006B,755.80M,6.074B,392.40M,5.752B,18.52B,1.40M,6.884B,6.841B,12.76B,11.64B,5.918B,780.70M,3.127B,1.467B
SBUX,2017-09,-155.60M,2.691B,4.013B,25.00M,1.288B,0.5461,0.54,1.981B,11.58B,1.685B,2017-09,1.364B,788.60M,45.40M,45.40M,4.920B,0,3.933B,934.00M,2.192B,1.152B,362.50M,5.698B,400.20M,5.450B,14.37B,1.40M,5.283B,4.221B,8.909B,9.082B,4.688B,750.90M,1.439B,938.40M
SBUX,2017-06,-185.10M,3.006B,3.878B,399.90M,1.342B,0.48,0.47,2.004B,11.23B,1.784B,2017-06,1.357B,691.60M,8.20M,8.20M,4.700B,0,3.936B,1.063B,1.972B,1.052B,361.10M,5.662B,325.00M,5.843B,14.52B,1.40M,5.509B,4.026B,8.673B,9.013B,4.647B,720.10M,1.235B,791.10M
SBUX,2017-03,-206.40M,2.395B,3.728B,399.80M,1.340B,0.45,0.45,2.104B,10.89B,1.566B,2017-03,1.324B,652.80M,35.40M,35.40M,4.564B,0,3.942B,851.30M,1.949B,980.40M,327.60M,5.294B,326.80M,5.605B,14.23B,1.40M,4.919B,4.000B,8.616B,9.308B,4.616B,715.10M,1.251B,791.00M
SBUX,2016-12,-242.30M,2.175B,3.933B,548.90M,1.578B,0.52,0.51,2.070B,10.61B,1.800B,2016-12,1.219B,751.80M,0.30M,0.30M,4.478B,0,3.186B,1.048B,2.150B,1.133B,381.40M,5.733B,356.40M,5.797B,14.02B,1.50M,4.616B,4.397B,8.214B,9.401B,3.817B,751.50M,1.382B,865.10M
SBUX,2016-09,-108.40M,2.263B,3.814B,0,1.171B,0.5462,0.54,2.236B,10.57B,1.897B,2016-09,1.378B,800.90M,-17.60M,-17.60M,4.534B,0,3.185B,1.122B,2.219B,1.215B,413.50M,5.711B,449.50M,5.884B,14.31B,1.50M,4.758B,4.547B,8.422B,9.555B,3.875B,775.30M,1.464B,768.80M
SBUX,2016-06,-128.60M,2.316B,3.590B,0,1.217B,0.51,0.51,2.232B,10.30B,1.648B,2016-06,1.325B,754.10M,51.10M,51.10M,4.359B,0,3.202B,939.80M,1.846B,1.073B,318.90M,5.238B,323.40M,5.722B,13.83B,1.50M,4.856B,4.245B,8.109B,8.977B,3.864B,708.50M,1.155B,747.30M
SBUX,2016-03,-189.20M,1.418B,3.477B,0,1.204B,0.39,0.39,2.140B,10.09B,1.516B,2016-03,1.293B,575.10M,-3.80M,-3.80M,4.247B,0,2.448B,798.60M,1.884B,860.40M,285.40M,4.993B,330.50M,5.095B,12.52B,1.50M,3.884B,4.351B,7.423B,8.636B,3.072B,717.90M,1.140B,743.70M
SBUX,2015-12,-225.10M,2.380B,3.692B,399.80M,1.449B,0.46,0.46,2.081B,9.788B,1.681B,2015-12,1.243B,687.60M,-8.40M,-8.40M,4.122B,0,1.948B,993.90M,1.872B,1.050B,361.90M,5.374B,305.50M,5.982B,12.94B,1.50M,4.728B,4.420B,6.960B,8.216B,2.54B,687.20M,1.181B,764.40M
SBUX,2015-09,-199.40M,1.611B,3.361B,549.80M,983.80M,0.4394,0.43,2.096B,9.642B,1.554B,2015-09,1.306B,652.50M,-11.80M,-11.80M,4.088B,0,2.348B,887.50M,1.917B,896.50M,244.00M,4.915B,303.90M,5.818B,12.42B,1.50M,3.971B,3.648B,6.596B,8.445B,2.948B,666.10M,1.240B,719.00M
SBUX,2015-06,-131.10M,2.175B,3.346B,0,1.025B,0.42,0.41,2.086B,9.432B,1.535B,2015-06,1.166B,626.70M,6.40M,6.40M,3.978B,0,2.347B,878.30M,1.747B,945.00M,318.50M,4.881B,288.50M,5.856B,12.87B,1.50M,4.761B,4.049B,7.010B,8.108B,2.961B,656.60M,1.012B,672.70M
SBUX,2015-03,-116.90M,1.850B,3.184B,0,1.018B,0.33,0.33,2.139B,9.196B,1.379B,2015-03,1.061B,494.90M,-15.60M,-15.60M,3.898B,0,2.048B,722.60M,1.820B,761.90M,266.30M,4.564B,305.90M,6.009B,12.19B,1.50M,4.245B,3.521B,6.18B,7.945B,2.659B,656.50M,1.030B,655.60M
SBUX,2014-12,-97.00M,1.953B,3.307B,0,1.231B,0.66,0.65,2.140B,9.000B,1.496B,2014-12,1.018B,983.10M,-6.60M,-6.60M,3.822B,0,2.048B,862.70M,1.672B,1.300B,315.00M,4.803B,298.40M,5.775B,12.35B,0.80M,4.546B,3.558B,6.193B,7.805B,2.636B,633.80M,1.056B,664.90M
SBUX,2014-09,25.30M,1.844B,2.875B,0,794.50M,0.3922,0.385,1.130B,8.581B,1.306B,2014-09,1.091B,587.80M,69.30M,69.30M,3.519B,0,2.048B,770.40M,1.610B,924.10M,336.60M,4.181B,238.70M,5.272B,10.75B,0.70M,4.169B,3.039B,5.479B,6.584B,2.440B,535.10M,1.046B,631.00M
SBUX,2014-06,70.90M,1.196B,2.888B,0,830.80M,0.34,0.34,1.140B,8.370B,1.266B,2014-06,1.026B,512.60M,3.00M,3.00M,3.374B,0,2.048B,695.60M,1.423B,771.50M,259.00M,4.154B,269.40M,5.069B,10.39B,0.80M,3.357B,2.884B,5.314B,7.028B,2.431B,570.10M,820.50M,580.90M
SBUX,2014-03,64.30M,1.490B,2.764B,0,816.30M,0.28,0.28,1.138B,8.119B,1.110B,2014-03,954.70M,427.00M,1.10M,1.10M,3.278B,0,2.048B,584.20M,1.354B,645.20M,218.30M,3.874B,240.60M,4.945B,10.10B,0.80M,3.579B,2.734B,5.150B,6.518B,2.416B,525.90M,802.30M,590.00M
SBUX,2013-12,68.70M,1.703B,2.970B,0,1.013B,0.36,0.355,1.139B,7.938B,1.269B,2013-12,943.30M,540.70M,5.30M,5.30M,3.233B,0,2.048B,742.20M,1.393B,818.80M,278.10M,4.240B,242.60M,4.887B,10.26B,0.80M,3.759B,2.953B,5.366B,6.496B,2.413B,527.20M,872.50M,589.80M
SBUX,2013-09,67.00M,3.234B,2.708B,0,653.70M,-0.8178,-0.82,1.138B,7.782B,1.081B,2013-09,1.111B,-1.232B,63.10M,63.10M,3.200B,0,1.299B,587.80M,4.125B,-2.052B,-820.10M,3.789B,226.20M,4.480B,11.52B,0.80M,5.471B,5.377B,7.034B,6.045B,1.657B,493.30M,812.50M,561.40M
SBUX,2013-06,14.50M,2.044B,2.682B,0,682.00M,0.28,0.275,1.130B,7.460B,1.054B,2013-06,1.174B,417.80M,-2.80M,-2.80M,2.987B,207.50M,549.70M,551.80M,1.162B,612.40M,194.60M,3.735B,249.60M,5.742B,9.062B,0.80M,4.240B,2.424B,3.315B,4.823B,890.40M,501.80M,655.30M,506.80M
SBUX,2013-03,-17.30M,1.698B,2.569B,0,667.90M,0.26,0.255,1.131B,7.278B,980.80M,2013-03,1.124B,390.40M,44.70M,44.70M,2.845B,206.00M,549.60M,491.60M,1.077B,588.80M,198.10M,3.550B,230.30M,5.321B,8.503B,0.70M,3.810B,2.270B,3.175B,4.693B,905.60M,489.20M,594.60M,520.00M
SBUX,2012-12,11.90M,2.460B,2.710B,0,785.50M,0.29,0.285,546.80M,7.053B,1.083B,2012-12,1.093B,432.20M,-9.50M,-9.50M,2.711B,202.90M,549.60M,576.10M,1.112B,621.10M,188.70M,3.793B,231.90M,5.169B,8.490B,0.70M,4.416B,2.391B,3.315B,4.074B,924.20M,506.90M,652.40M,469.20M
SBUX,2012-09,22.70M,2.037B,2.449B,0,510.20M,0.2396,0,542.80M,6.903B,892.40M,2012-09,1.242B,358.70M,19.70M,19.70M,2.659B,206.70M,549.60M,457.60M,1.150B,539.20M,180.20M,3.341B,203.80M,5.109B,8.219B,0.70M,4.200B,2.210B,3.105B,4.020B,894.90M,434.80M,693.80M,485.90M
SBUX,2012-06,-2.50M,2.498B,2.422B,0,520.80M,0.22,0.215,454.50M,6.580B,881.50M,2012-06,1.249B,333.10M,0.80M,0.80M,2.444B,211.30M,549.60M,439.90M,756.70M,492.40M,159.10M,3.304B,199.00M,5.385B,8.309B,0.80M,4.570B,2.018B,2.921B,3.739B,902.70M,441.60M,631.00M,433.00M
SBUX,2012-03,41.70M,2.234B,2.368B,0,530.90M,0.205,0.2,453.20M,6.436B,827.50M,2012-03,1.205B,309.90M,26.50M,26.50M,2.382B,214.50M,549.60M,378.20M,936.80M,456.90M,146.80M,3.196B,206.90M,5.134B,8.006B,0.80M,4.352B,1.971B,2.870B,3.655B,898.40M,449.30M,593.70M,437.40M
SBUX,2011-12,42.10M,2.273B,2.492B,0,673.80M,0.255,0.25,447.90M,6.269B,944.10M,2011-12,1.124B,382.10M,14.60M,14.60M,2.347B,222.70M,549.50M,511.10M,1.012B,570.60M,188.40M,3.436B,191.50M,4.773B,7.836B,0.80M,4.237B,2.159B,3.060B,3.598B,901.50M,433.00M,645.50M,431.00M
SBUX,2011-09,46.30M,2.051B,4.909B,0,449.30M,0.235,0.235,433.50M,6.163B,-1.878B,2011-09,965.80M,358.30M,55.80M,55.80M,2.355B,0,549.50M,72.20M,1.116B,504.00M,145.90M,3.032B,-2.480B,4.385B,7.360B,0.70M,3.795B,2.076B,2.973B,3.566B,897.30M,-1.950B,775.80M,386.50M
SBUX,2011-06,97.50M,1.952B,1.238B,0,489.90M,0.185,0.18,340.20M,6.16B,1.695B,2011-06,856.70M,279.10M,7.50M,7.50M,2.385B,0,549.40M,457.90M,669.80M,409.70M,129.90M,2.932B,1.107B,4.339B,7.098B,0.70M,3.587B,1.859B,2.756B,3.511B,896.90M,1.237B,519.30M,361.50M
SBUX,2011-03,84.60M,1.928B,1.171B,0,487.00M,0.175,0.17,337.90M,6.042B,1.614B,2011-03,772.40M,261.60M,-7.10M,-7.10M,2.378B,0,549.40M,337.80M,1.162B,388.90M,126.50M,2.786B,1.049B,4.318B,7.028B,0.80M,3.540B,1.794B,2.700B,3.487B,906.20M,1.277B,394.10M,355.70M
