Ticker,Date,Accrued Comprehensive Inc,Cash and Short Term Investments,Current Debt & Capital Lease Obligation,EPS Basic,EPS Diluted,Goodwill and Intangibles,Gross PP&E,Income (Quarterly),Net Income,Net Loan Assets,Net PP&E,Non-Current Portion of LTD and Capital Lease Obligation,Payables and Accrued Expenses,Pre-Tax Income,Provision for Income Taxes,Revenue,SG&A Expense,Shareholders Equity,Total Assets,Total Capital Stock,Total Current Assets,Total Current Liabilities,Total Liabilities,Total Long Term Assets,Total Long Term Liabilities,Total Operating Expenses,Total Payables,Total Receivables
SCHW,2021-03,5.394B,377.75B,0,0.74,0.73,21.94B,6.487B,2021-03,1.484B,23.81B,3.82B,13.63B,121.30B,1.96B,476.00M,4.715B,1.771B,56.06B,549.01B,7.754B,445.70B,121.30B,492.95B,389.14B,371.65B,2.054B,104.20B,67.95B
SCHW,2020-12,5.686B,331.22B,0,0.57,0.57,2.995B,4.941B,2020-12,1.135B,22.29B,2.346B,7.836B,59.47B,1.476B,341.00M,4.176B,1.705B,31.33B,419.36B,5.278B,356.66B,59.47B,388.02B,336.87B,328.55B,1.982B,52.01B,25.44B
SCHW,2020-09,5.611B,314.79B,0,0.48,0.48,3.011B,3.932B,2020-09,698.00M,20.87B,2.314B,8.526B,59.58B,889.00M,191.00M,2.448B,1.015B,30.82B,400.48B,5.278B,336.21B,59.58B,369.67B,312.30B,310.09B,1.137B,50.14B,21.42B
SCHW,2020-06,3.995B,289.69B,0,0.48,0.48,1.227B,0,2020-06,671.00M,19.52B,2.291B,8.522B,58.51B,888.00M,217.00M,2.45B,1.003B,26.27B,370.78B,2.808B,308.69B,58.51B,344.51B,249.01B,286.00B,1.112B,49.25B,19.00B
SCHW,2020-03,88.00M,90.77B,0,0.59,0.58,1.355B,0,2020-03,795.00M,18.21B,2.705B,7.43B,44.74B,1.047B,252.00M,2.617B,1.073B,21.74B,294.00B,2.808B,113.91B,44.74B,272.26B,220.02B,227.52B,1.169B,39.22B,23.15B
SCHW,2019-12,144.00M,76.74B,0,0.62,0.62,1.227B,0,2019-12,852.00M,16.90B,2.017B,7.427B,40.88B,1.112B,260.00M,2.606B,992.00M,21.35B,278.99B,2.808B,99.12B,40.88B,257.63B,220.18B,216.75B,1.086B,37.36B,22.39B
SCHW,2019-09,99.00M,78.85B,0,0.7,0.7,1.227B,0,2019-09,951.00M,16.64B,1.909B,7.424B,39.20B,1.236B,285.00M,2.711B,1.021B,21.32B,276.32B,2.808B,100.74B,39.20B,255.00B,216.08B,215.80B,1.109B,35.64B,21.89B
SCHW,2019-06,-71.00M,92.56B,0,0.67,0.66,1.227B,0,2019-06,937.00M,16.51B,1.813B,6.829B,34.91B,1.236B,299.00M,2.681B,976.00M,21.62B,282.82B,2.808B,113.71B,34.91B,261.19B,215.19B,226.28B,1.06B,31.30B,21.14B
SCHW,2019-03,-252.00M,94.52B,0,0.69,0.69,1.379B,0,2019-03,964.00M,16.61B,1.769B,6.878B,37.51B,1.264B,300.00M,2.723B,1.013B,20.67B,296.48B,2.808B,117.62B,37.51B,275.81B,231.53B,238.30B,1.096B,32.73B,23.10B
SCHW,2018-12,-304.00M,79.39B,0,0.66,0.65,1.227B,0,2018-12,935.00M,16.56B,1.683B,5.79B,32.07B,1.21B,275.00M,2.669B,992.00M,20.83B,272.10B,2.808B,102.60B,32.07B,251.27B,218.58B,219.20B,1.072B,29.37B,23.21B
SCHW,2018-09,-278.00M,68.77B,0,0.66,0.65,1.32B,3.551B,2018-09,923.00M,16.57B,1.599B,5.789B,36.07B,1.219B,296.00M,2.579B,923.00M,20.10B,261.88B,2.808B,92.15B,36.07B,241.78B,214.24B,205.71B,1.001B,33.67B,23.38B
SCHW,2018-06,-260.00M,65.97B,15.00B,0.6,0.6,1.328B,3.234B,2018-06,866.00M,16.39B,1.54B,4.128B,34.68B,1.131B,265.00M,2.486B,930.00M,19.33B,248.32B,2.808B,88.02B,34.68B,228.99B,199.30B,194.31B,1.005B,32.21B,22.05B
SCHW,2018-03,-152.00M,64.21B,5.00B,0.55,0.55,1.335B,0,2018-03,783.00M,16.48B,1.471B,4.753B,35.34B,1.002B,219.00M,2.398B,956.00M,18.52B,243.27B,2.808B,86.44B,50.34B,224.75B,191.21B,174.41B,1.029B,32.53B,22.10B
SCHW,2017-12,-106.00M,60.32B,300.00M,0.41,0.41,1.342B,0,2017-12,597.00M,16.23B,1.392B,3.268B,39.16B,953.00M,356.00M,2.242B,880.00M,18.03B,230.71B,2.798B,79.44B,44.16B,212.69B,183.40B,168.53B,949.00M,36.91B,19.13B
SCHW,2017-09,-112.00M,55.21B,600.00M,0.43,0.42,1.352B,0,2017-09,618.00M,15.82B,1.335B,3.518B,36.99B,945.00M,327.00M,2.165B,824.00M,17.49B,220.60B,2.798B,74.11B,37.29B,203.11B,173.64B,165.82B,893.00M,34.97B,18.90B
SCHW,2017-06,-132.00M,60.06B,0,0.4,0.39,1.362B,0,2017-06,575.00M,15.55B,1.305B,3.518B,39.07B,909.00M,334.00M,2.13B,838.00M,16.98B,227.06B,2.798B,77.51B,39.67B,210.08B,178.66B,170.41B,904.00M,36.91B,17.45B
SCHW,2017-03,-163.00M,88.19B,3.001B,0.39,0.39,1.371B,0,2017-03,564.00M,15.40B,1.299B,2.876B,40.63B,843.00M,279.00M,2.081B,873.00M,16.42B,223.38B,2.798B,106.94B,40.63B,206.96B,171.41B,166.33B,938.00M,38.30B,18.66B
SCHW,2016-12,31.00M,86.22B,5.00B,0.36,0.36,1.381B,0,2016-12,522.00M,14.86B,1.266B,2.876B,38.36B,824.00M,302.00M,1.977B,892.00M,15.47B,209.34B,2.207B,103.55B,41.36B,193.87B,161.50B,152.51B,953.00M,36.46B,17.33B
SCHW,2016-09,-17.00M,87.20B,800.00M,0.36,0.35,1.39B,0,2016-09,503.00M,14.67B,1.242B,2.876B,37.89B,794.00M,291.00M,1.909B,730.00M,14.99B,198.05B,2.204B,105.03B,42.89B,183.06B,148.65B,140.17B,790.00M,36.07B,17.83B
SCHW,2016-06,-120.00M,81.97B,0,0.31,0.3,1.399B,0,2016-06,452.00M,14.42B,1.159B,2.877B,37.12B,720.00M,268.00M,1.826B,734.00M,14.51B,191.00B,2.201B,99.04B,37.92B,176.48B,143.22B,138.57B,791.00M,35.13B,17.07B
SCHW,2016-03,-134.00M,77.62B,0,0.3,0.29,1.408B,2.932B,2016-03,412.00M,14.33B,1.145B,2.877B,37.92B,655.00M,243.00M,1.766B,756.00M,13.40B,183.70B,1.474B,96.25B,37.92B,170.30B,133.36B,132.38B,812.00M,35.77B,18.52B
SCHW,2015-12,19.00M,76.72B,0,0.29,0.28,1.419B,2.929B,2015-12,416.00M,14.25B,1.126B,2.893B,35.30B,645.00M,229.00M,1.691B,797.00M,13.20B,170.40B,1.472B,94.39B,35.30B,157.21B,125.12B,121.91B,855.00M,33.75B,17.67B
SCHW,2015-09,174.00M,72.43B,0,0.28,0.28,1.431B,2.58B,2015-09,376.00M,14.01B,1.091B,2.894B,35.40B,583.00M,207.00M,1.592B,664.00M,12.42B,163.63B,889.00M,89.97B,35.40B,151.20B,119.19B,115.80B,721.00M,34.00B,17.54B
SCHW,2015-06,231.00M,70.38B,0,0.25,0.25,1.443B,0,2015-06,353.00M,13.60B,1.058B,2.895B,35.61B,567.00M,214.00M,1.564B,661.00M,12.16B,160.17B,888.00M,86.85B,35.61B,148.01B,115.30B,112.40B,716.00M,34.03B,16.47B
SCHW,2015-03,165.00M,66.15B,0,0.22,0.22,1.454B,0,2015-03,302.00M,13.40B,1.039B,1.899B,38.12B,484.00M,182.00M,1.522B,708.00M,11.80B,154.64B,887.00M,82.93B,38.12B,142.84B,105.71B,104.71B,762.00M,36.31B,16.68B
SCHW,2014-12,163.00M,60.79B,0,0.25,0.25,1.46B,0,2014-12,350.00M,13.08B,991.00M,1.90B,36.73B,554.00M,204.00M,1.554B,656.00M,11.47B,147.44B,887.00M,76.66B,36.73B,135.97B,103.09B,99.24B,710.00M,35.23B,15.87B
SCHW,2014-09,186.00M,60.04B,0,0.24,0.24,1.471B,0,2014-09,321.00M,12.87B,883.00M,1.901B,34.64B,518.00M,197.00M,1.55B,707.00M,11.17B,143.40B,886.00M,75.23B,34.64B,132.23B,102.28B,97.59B,756.00M,33.21B,15.19B
SCHW,2014-06,108.00M,60.25B,0,0.23,0.23,1.482B,0,2014-06,324.00M,12.59B,820.00M,1.902B,35.76B,521.00M,197.00M,1.471B,642.00M,10.82B,144.07B,885.00M,75.31B,35.76B,133.25B,101.29B,97.49B,690.00M,34.23B,15.05B
SCHW,2014-03,9.00M,59.35B,0,0.24,0.24,1.493B,0,2014-03,326.00M,12.42B,790.00M,1.903B,38.39B,522.00M,196.00M,1.479B,647.00M,10.38B,143.64B,884.00M,74.39B,38.39B,133.26B,97.29B,94.88B,695.00M,36.80B,14.96B
SCHW,2013-12,46.00M,59.23B,0,0.23,0.23,1.505B,0,2013-12,319.00M,12.12B,738.00M,1.904B,37.07B,498.00M,179.00M,1.433B,629.00M,10.05B,140.21B,883.00M,72.86B,37.07B,130.16B,95.69B,93.09B,678.00M,35.74B,13.64B
SCHW,2013-09,3.00M,54.65B,0,0.22,0.22,1.521B,2.502B,2013-09,290.00M,11.73B,711.00M,1.63B,40.21B,464.00M,174.00M,1.369B,594.00M,9.72B,135.91B,882.00M,67.87B,40.21B,126.19B,89.44B,85.98B,645.00M,39.00B,13.22B
SCHW,2013-06,300.00M,55.74B,0,0.18,0.18,1.533B,2.487B,2013-06,256.00M,11.30B,681.00M,1.631B,39.49B,412.00M,156.00M,1.336B,617.00M,9.776B,133.32B,881.00M,68.66B,39.49B,123.55B,86.58B,84.06B,668.00M,38.04B,12.92B
SCHW,2013-03,298.00M,58.79B,0,0.15,0.15,1.547B,0,2013-03,206.00M,10.73B,675.00M,1.632B,43.04B,331.00M,125.00M,1.296B,664.00M,9.589B,133.64B,880.00M,73.26B,43.04B,124.05B,78.03B,81.01B,715.00M,41.40B,14.36B
SCHW,2012-12,312.00M,33.56B,0,0.15,0.15,1.451B,0,2012-12,211.00M,10.10B,672.00M,1.776B,37.66B,344.00M,133.00M,1.217B,572.00M,9.465B,117.66B,879.00M,46.08B,37.66B,108.19B,71.57B,70.53B,622.00M,36.21B,12.52B
SCHW,2012-09,154.00M,30.81B,0,0.19,0.19,1.469B,0,2012-09,247.00M,9.839B,677.00M,1.999B,34.45B,361.00M,114.00M,1.206B,544.00M,9.11B,111.82B,878.00M,43.08B,34.45B,102.71B,68.73B,68.26B,594.00M,33.16B,12.27B
SCHW,2012-06,76.00M,33.70B,0,0.2,0.2,1.48B,0,2012-06,275.00M,9.812B,684.00M,2.00B,38.89B,432.00M,157.00M,1.287B,558.00M,8.337B,111.48B,409.00M,45.49B,38.89B,103.14B,65.99B,64.26B,606.00M,37.58B,11.80B
SCHW,2012-03,8.00M,42.64B,0,0.15,0.15,1.487B,0,2012-03,195.00M,9.882B,685.00M,2.001B,37.98B,313.00M,118.00M,1.189B,590.00M,7.714B,108.55B,15.00M,54.57B,37.98B,100.84B,61.89B,62.86B,638.00M,36.59B,11.77B
SCHW,2011-12,56.00M,33.38B,0,0.12,0.12,1.47B,0,2011-12,163.00M,9.784B,665.00M,2.002B,39.17B,252.00M,89.00M,1.096B,565.00M,7.655B,102.91B,15.00M,45.03B,39.17B,95.25B,57.88B,56.08B,635.00M,37.95B,11.64B
SCHW,2011-09,45.00M,30.31B,0,0.18,0.18,631.00M,0,2011-09,220.00M,9.52B,639.00M,2.004B,36.50B,360.00M,140.00M,1.202B,527.00M,6.734B,97.57B,14.00M,42.41B,36.50B,90.84B,55.16B,54.34B,553.00M,35.27B,12.10B
SCHW,2011-06,34.00M,28.62B,0,0.2,0.2,631.00M,0,2011-06,238.00M,9.164B,627.00M,2.005B,35.13B,386.00M,148.00M,1.193B,535.00M,6.487B,94.88B,14.00M,40.42B,35.13B,88.40B,54.46B,53.26B,566.00M,33.73B,11.81B
