Ticker,Date,Accrued Comprehensive Inc,Cash and Short Term Investments,Cost of Goods Sold,Current Debt & Capital Lease Obligation,EPS Basic,EPS Diluted,Goodwill and Intangibles,Gross PP&E,Gross Profit,Income (Quarterly),Inventories,Net Income,Net Non-Operating Interest Income Expense,Net Operating Interest Income,Net PP&E,Non-Current Deferred Liabilities,Non-Current Portion of LTD and Capital Lease Obligation,Operating Income,Payables and Accrued Expenses,Pre-Tax Income,Provision for Income Taxes,Revenue,SG&A Expense,Shareholders Equity,Total Assets,Total Capital Stock,Total Current Assets,Total Current Liabilities,Total Liabilities,Total Long Term Assets,Total Long Term Liabilities,Total Operating Expenses,Total Payables,Total Receivables
SHW,2020-12,-718.30M,226.60M,2.360B,412.50M,1.513,1.487,11.52B,6.310B,2.129B,2020-12,1.804B,407.00M,-84.40M,-84.40M,3.596B,846.10M,9.701B,561.00M,3.429B,503.90M,96.90M,4.489B,1.472B,3.611B,20.40B,89.90M,4.591B,4.594B,16.79B,15.81B,12.20B,1.568B,2.301B,2.078B
SHW,2020-09,-792.30M,619.90M,2.667B,403.80M,2.6,2.553,11.50B,6.157B,2.455B,2020-09,1.673B,705.80M,-84.50M,-84.50M,3.519B,956.70M,9.688B,959.70M,3.30B,875.60M,169.80M,5.122B,1.407B,4.207B,20.81B,120.40M,5.176B,4.358B,16.60B,15.63B,12.24B,1.496B,2.221B,2.454B
SHW,2020-06,-867.20M,188.10M,2.395B,929.60M,2.197,2.16,11.51B,6.078B,2.209B,2020-06,1.789B,595.90M,-89.90M,-89.90M,3.495B,953.20M,9.680B,831.70M,3.063B,747.40M,151.50M,4.604B,1.291B,3.870B,20.49B,120.00M,4.883B,4.460B,16.62B,15.61B,12.16B,1.377B,2.104B,2.472B
SHW,2020-03,-901.10M,238.50M,2.257B,1.852B,1.177,1.153,11.54B,6.069B,1.890B,2020-03,1.955B,321.70M,-88.40M,-88.40M,3.513B,949.50M,9.663B,501.80M,2.930B,392.30M,70.60M,4.147B,1.308B,3.289B,20.57B,119.70M,4.928B,5.220B,17.28B,15.64B,12.06B,1.388B,2.065B,2.292B
SHW,2019-12,-679.50M,161.80M,2.220B,1.006B,0.9033,0.8867,11.74B,6.068B,1.894B,2019-12,1.890B,248.60M,-62.20M,-62.20M,3.521B,969.90M,9.421B,456.10M,2.963B,297.40M,48.80M,4.114B,1.354B,4.123B,20.50B,119.40M,4.632B,4.522B,16.37B,15.86B,11.85B,1.438B,1.962B,2.089B
SHW,2019-09,-767.21M,189.64M,2.642B,1.230B,2.093,2.053,11.85B,5.922B,2.226B,2019-09,1.825B,576.50M,-87.30M,-87.30M,3.457B,1.097B,9.395B,792.30M,3.097B,709.80M,133.30M,4.868B,1.345B,4.023B,20.86B,119.24M,4.908B,4.866B,16.84B,15.96B,11.98B,1.433B,2.123B,2.479B
SHW,2019-06,-630.78M,145.58M,2.696B,2.608B,1.71,1.677,12.01B,5.875B,2.181B,2019-06,1.895B,471.00M,-91.30M,-91.30M,3.441B,1.115B,8.572B,765.30M,3.316B,675.70M,204.70M,4.878B,1.331B,3.747B,21.19B,118.94M,5.090B,6.343B,17.44B,16.10B,11.10B,1.416B,2.222B,2.659B
SHW,2019-03,-632.19M,94.39M,2.306B,1.485B,0.89,0.8733,12.08B,5.705B,1.735B,2019-03,1.993B,245.20M,-93.30M,-93.30M,3.426B,1.129B,10.07B,411.70M,3.115B,298.90M,53.70M,4.041B,1.244B,3.460B,20.96B,118.67M,4.815B,5.001B,17.50B,16.15B,12.50B,1.323B,2.023B,2.340B
SHW,2018-12,-629.90M,155.50M,2.382B,635.60M,0.3633,0.3567,12.16B,4.040B,1.683B,2018-12,1.815B,100.94M,-89.22M,-89.22M,1.777B,1.131B,8.708B,223.35M,3.158B,102.08M,1.133M,4.064B,1.238B,3.731B,19.13B,118.40M,4.344B,4.298B,15.40B,14.79B,11.11B,1.459B,1.880B,2.019B
SHW,2018-09,-610.60M,181.51M,2.721B,960.70M,1.267,1.24,12.25B,3.973B,2.010B,2018-09,1.861B,354.03M,-94.42M,-94.42M,1.766B,1.371B,8.711B,654.96M,3.381B,415.95M,61.93M,4.731B,1.273B,3.975B,19.98B,118.28M,5.038B,4.842B,16.01B,14.94B,11.16B,1.355B,2.264B,2.584B
SHW,2018-06,-542.45M,154.97M,2.735B,651.90M,1.447,1.417,12.46B,3.898B,2.039B,2018-06,1.875B,403.60M,-95.40M,-95.40M,1.776B,1.380B,9.723B,625.62M,3.132B,538.09M,134.48M,4.774B,1.308B,3.747B,20.15B,117.96M,5.037B,4.190B,16.41B,15.12B,12.22B,1.413B,2.222B,2.625B
SHW,2018-03,-335.66M,158.61M,2.278B,921.19M,0.8933,0.8733,12.78B,3.980B,1.687B,2018-03,2.002B,250.13M,-92.16M,-92.16M,1.840B,1.495B,9.891B,386.47M,2.989B,303.59M,53.46M,3.965B,1.215B,3.690B,20.37B,117.88M,4.887B,4.327B,16.68B,15.48B,12.35B,1.300B,2.088B,2.326B
SHW,2017-12,-384.90M,204.20M,2.240B,634.90M,3.207,3.13,12.82B,3.967B,1.739B,2017-12,1.742B,853.03M,-90.32M,-90.32M,1.877B,1.420B,9.886B,316.32M,2.844B,225.97M,-627.12M,3.980B,1.325B,3.648B,19.90B,117.60M,4.407B,3.987B,16.25B,15.49B,12.26B,1.423B,1.871B,2.105B
SHW,2017-09,-452.30M,207.94M,2.605B,865.55M,1.133,1.11,13.39B,4.038B,1.902B,2017-09,1.704B,316.61M,-91.34M,-91.34M,1.896B,2.611B,10.08B,506.53M,3.005B,427.72M,111.12M,4.507B,1.307B,2.741B,20.78B,117.19M,4.684B,4.372B,18.04B,16.10B,13.67B,1.395B,2.113B,2.426B
SHW,2017-06,-519.24M,210.05M,2.001B,753.00M,1.147,1.12,13.18B,3.951B,1.735B,2017-06,1.855B,319.11M,-56.15M,-56.15M,1.890B,2.467B,10.75B,550.81M,3.003B,509.00M,148.35M,3.736B,1.154B,2.391B,20.72B,117.07M,4.854B,4.152B,18.33B,15.86B,14.17B,1.184B,2.105B,2.378B
SHW,2017-03,-549.41M,1.018B,1.418B,742.70M,0.86,0.8433,1.383B,3.114B,1.343B,2017-03,1.248B,239.15M,-26.89M,-26.89M,1.063B,73.83M,1.212B,325.34M,1.900B,306.60M,67.45M,2.761B,1.011B,2.065B,6.989B,116.78M,3.877B,2.939B,4.924B,3.112B,1.985B,1.018B,1.380B,1.357B
SHW,2016-12,-540.35M,889.79M,1.396B,741.21M,0.7333,0.7167,1.382B,3.101B,1.387B,2016-12,1.068B,203.03M,-43.64M,-43.64M,1.096B,0,1.211B,314.51M,1.690B,304.03M,101.00M,2.783B,1.045B,1.878B,6.753B,116.56M,3.627B,2.829B,4.874B,3.125B,2.045B,1.073B,1.111B,1.231B
SHW,2016-09,-658.22M,702.57M,1.643B,52.00M,1.4,1.36,1.400B,3.057B,1.636B,2016-09,1.113B,386.73M,-44.61M,-44.61M,1.084B,0,1.910B,577.48M,2.084B,535.62M,148.89M,3.279B,1.050B,1.598B,6.918B,116.46M,3.708B,2.516B,5.320B,3.210B,2.804B,1.059B,1.370B,1.458B
SHW,2016-06,-662.09M,402.66M,1.584B,61.38M,1.373,1.33,1.392B,3.038B,1.636B,2016-06,1.152B,378.06M,-42.03M,-42.03M,1.072B,0,1.909B,579.31M,2.253B,539.21M,161.15M,3.220B,1.048B,1.247B,6.666B,116.26M,3.484B,2.625B,5.419B,3.182B,2.794B,1.057B,1.520B,1.473B
SHW,2016-03,-568.08M,70.55M,1.312B,130.85M,0.6,0.5833,1.398B,2.987B,1.262B,2016-03,1.147B,164.88M,-27.51M,-27.51M,1.057B,0,1.909B,241.36M,1.847B,216.36M,51.49M,2.574B,1.002B,1.001B,6.038B,116.04M,2.889B,2.263B,5.037B,3.150B,2.775B,1.020B,1.268B,1.291B
SHW,2015-12,-587.10M,205.74M,1.282B,42.62M,0.7167,0.7067,1.399B,2.923B,1.323B,2015-12,1.019B,198.02M,-21.81M,-21.81M,1.042B,138.71M,1.907B,318.38M,1.761B,297.22M,99.20M,2.605B,963.62M,867.91M,5.779B,115.76M,2.657B,2.142B,4.911B,3.122B,2.769B,1.004B,1.239B,1.114B
SHW,2015-09,-569.42M,91.03M,1.578B,39.99M,1.353,1.323,1.412B,2.863B,1.575B,2015-09,1.053B,374.49M,-20.25M,-20.25M,1.015B,0,1.920B,573.80M,1.924B,550.72M,176.23M,3.152B,993.62M,976.16M,6.102B,115.61M,2.924B,2.294B,5.126B,3.178B,2.832B,1.001B,1.404B,1.414B
SHW,2015-06,-516.66M,75.07M,1.602B,1.162B,1.263,1.233,1.426B,2.869B,1.530B,2015-06,1.132B,349.94M,-14.53M,-14.53M,1.005B,0,1.123B,520.25M,1.927B,507.78M,157.84M,3.132B,999.22M,757.34M,6.135B,115.39M,3.005B,3.357B,5.377B,3.130B,2.020B,1.010B,1.448B,1.454B
SHW,2015-03,-528.30M,64.01M,1.318B,1.409B,0.4733,0.46,1.427B,2.823B,1.132B,2015-03,1.161B,131.40M,-14.90M,-14.90M,998.43M,0,1.123B,202.20M,1.721B,193.24M,61.84M,2.450B,929.20M,469.17M,5.859B,115.12M,2.766B,3.379B,5.390B,3.093B,2.011B,930.25M,1.252B,1.235B
SHW,2014-12,-471.96M,40.73M,1.351B,682.70M,0.4667,0.4567,1.447B,2.835B,1.218B,2014-12,1.034B,132.74M,-17.72M,-17.72M,1.021B,0,1.116B,207.63M,1.638B,188.87M,56.13M,2.569B,985.33M,996.47M,5.699B,114.52M,2.566B,2.681B,4.703B,3.134B,2.022B,1.010B,1.129B,1.131B
SHW,2014-09,-371.79M,261.35M,1.680B,557.90M,1.14,1.117,1.462B,2.797B,1.471B,2014-09,1.047B,326.24M,-17.97M,-17.97M,1.013B,0,1.123B,475.38M,1.966B,474.05M,147.81M,3.151B,984.37M,1.352B,6.317B,114.21M,3.080B,2.868B,4.965B,3.237B,2.097B,995.58M,1.459B,1.409B
SHW,2014-06,-315.52M,267.20M,1.633B,566.86M,1,0.98,1.482B,2.799B,1.410B,2014-06,1.091B,291.45M,-18.16M,-18.16M,1.006B,0,1.122B,440.21M,1.894B,429.23M,137.78M,3.043B,969.18M,1.525B,6.341B,119.72M,3.108B,2.725B,4.816B,3.233B,2.091B,969.44M,1.435B,1.403B
SHW,2014-03,-329.25M,366.46M,1.301B,589.60M,0.3867,0.38,1.487B,2.755B,1.066B,2014-03,1.097B,115.46M,-18.73M,-18.73M,1.004B,0,1.122B,182.25M,1.630B,166.08M,50.62M,2.367B,884.09M,1.653B,6.189B,135.43M,2.967B,2.453B,4.536B,3.222B,2.084B,883.65M,1.207B,1.174B
SHW,2013-12,-321.04M,744.89M,1.333B,599.50M,0.3867,0.38,1.492B,2.741B,1.124B,2013-12,970.82M,116.12M,-18.64M,-18.64M,1.021B,0,1.122B,167.09M,1.591B,149.23M,33.10M,2.457B,962.19M,1.775B,6.383B,153.31M,3.159B,2.529B,4.608B,3.224B,2.079B,957.08M,1.078B,1.098B
SHW,2013-09,-389.07M,1.036B,1.551B,297.66M,0.8667,0.85,1.483B,2.717B,1.296B,2013-09,1.018B,262.97M,-16.99M,-16.99M,1.011B,0,1.632B,405.68M,1.803B,387.46M,124.50M,2.847B,889.69M,1.870B,6.922B,167.55M,3.771B,2.406B,5.052B,3.151B,2.646B,890.27M,1.309B,1.349B
SHW,2013-06,-412.99M,741.08M,1.480B,53.30M,0.8367,0.82,1.483B,2.669B,1.234B,2013-06,984.84M,257.29M,-17.22M,-17.22M,952.19M,0,1.632B,395.01M,1.696B,380.88M,123.60M,2.714B,837.12M,1.868B,6.409B,180.50M,3.342B,1.968B,4.541B,3.066B,2.573B,838.57M,1.288B,1.300B
SHW,2013-03,-368.99M,613.93M,1.204B,71.69M,0.3767,0.37,1.496B,2.608B,962.85M,2013-03,1.014B,116.18M,-16.46M,-16.46M,954.92M,0,1.632B,183.85M,1.506B,168.38M,52.20M,2.167B,778.68M,1.813B,6.166B,195.10M,3.087B,1.783B,4.353B,3.079B,2.571B,779.00M,1.101B,1.131B
SHW,2012-12,-370.39M,862.59M,1.226B,72.72M,0.38,0.3733,1.504B,2.588B,995.51M,2012-12,920.32M,68.05M,-13.76M,-13.76M,965.90M,0,1.632B,106.42M,1.489B,94.19M,26.14M,2.222B,891.98M,1.792B,6.235B,212.71M,3.149B,1.876B,4.443B,3.085B,2.566B,889.09M,975.10M,1.033B
SHW,2012-09,-357.35M,55.18M,1.453B,334.08M,0.7633,0.7467,1.440B,2.551B,1.150B,2012-09,963.70M,234.95M,-11.91M,-11.91M,943.60M,0,635.35M,349.97M,1.658B,343.00M,108.04M,2.603B,799.79M,1.779B,5.625B,225.98M,2.609B,2.292B,3.846B,3.016B,1.554B,800.31M,1.192B,1.263B
SHW,2012-06,-349.29M,46.62M,1.422B,609.23M,0.7433,0.7233,1.437B,2.517B,1.151B,2012-06,1.031B,227.81M,-10.65M,-10.65M,938.40M,0,635.59M,336.40M,1.691B,327.80M,99.99M,2.573B,810.21M,1.539B,5.626B,238.07M,2.624B,2.532B,4.087B,3.002B,1.555B,814.20M,1.229B,1.238B
SHW,2012-03,-336.32M,25.49M,1.227B,683.93M,0.3233,0.3167,1.417B,2.509B,909.84M,2012-03,1.017B,100.22M,-12.78M,-12.78M,950.78M,0,637.88M,147.06M,1.513B,142.32M,42.10M,2.136B,757.68M,1.509B,5.457B,252.21M,2.477B,2.395B,3.948B,2.980B,1.553B,762.78M,1.066B,1.135B
SHW,2011-12,-367.88M,32.70M,1.184B,354.14M,0.0467,0.0467,1.414B,2.473B,886.10M,2011-12,926.81M,14.55M,-15.91M,-15.91M,956.53M,0,639.23M,130.61M,1.557B,129.54M,114.99M,2.070B,746.39M,1.517B,5.229B,267.73M,2.262B,2.163B,3.712B,2.968B,1.550B,755.49M,1.086B,989.87M
SHW,2011-09,-317.86M,46.03M,1.447B,527.58M,0.58,0.57,1.423B,2.467B,1.038B,2011-09,966.76M,179.88M,-9.612M,-9.612M,939.49M,0,641.26M,275.43M,1.592B,260.28M,80.40M,2.485B,762.87M,1.635B,5.490B,282.64M,2.509B,2.355B,3.840B,2.981B,1.485B,762.87M,1.139B,1.174B
SHW,2011-06,-245.16M,71.56M,1.332B,580.64M,0.5633,0.5533,1.433B,2.490B,1.023B,2011-06,1.067B,179.12M,-10.94M,-10.94M,958.31M,0,644.26M,267.91M,1.582B,257.02M,77.90M,2.355B,755.56M,1.747B,5.634B,301.05M,2.638B,2.390B,3.887B,2.996B,1.497B,754.85M,1.140B,1.184B
SHW,2011-03,-257.55M,53.95M,1.058B,688.41M,0.2133,0.21,1.434B,2.443B,797.41M,2011-03,1.064B,68.32M,-10.35M,-10.35M,946.42M,0,650.88M,100.70M,1.464B,94.71M,26.40M,1.856B,696.70M,1.608B,5.444B,310.44M,2.466B,2.327B,3.836B,2.977B,1.509B,696.70M,1.030B,1.012B
