Ticker,Date,Accrued Comprehensive Inc,Cash and Short Term Investments,Cost of Goods Sold,Current Debt & Capital Lease Obligation,EPS Basic,EPS Diluted,Goodwill and Intangibles,Gross PP&E,Gross Profit,Income (Quarterly),Inventories,Net Income,Net Non-Operating Interest Income Expense,Net Operating Interest Income,Net PP&E,Non-Current Deferred Liabilities,Non-Current Portion of LTD and Capital Lease Obligation,Operating Income,Payables and Accrued Expenses,Pre-Tax Income,Provision for Income Taxes,Revenue,SG&A Expense,Shareholders Equity,Total Assets,Total Capital Stock,Total Current Assets,Total Current Liabilities,Total Liabilities,Total Long Term Assets,Total Long Term Liabilities,Total Operating Expenses,Total Payables,Total Receivables
SJM,2021-01,-303.50M,501.50M,1.267B,960.60M,2.32,2.32,12.12B,3.895B,809.40M,2021-01,897.90M,261.50M,-43.50M,-43.50M,2.086B,1.303B,4.036B,407.90M,1.143B,361.50M,100.00M,2.077B,371.70M,8.212B,16.43B,27.40M,2.079B,2.532B,8.218B,14.35B,5.685B,401.50M,896.70M,604.90M
SJM,2020-10,-327.50M,405.60M,1.216B,1.273B,2.02,2.02,12.62B,3.952B,818.20M,2020-10,993.80M,230.80M,-45.10M,-45.10M,2.086B,1.357B,4.020B,380.80M,1.116B,303.50M,72.70M,2.034B,382.80M,8.515B,16.93B,28.50M,2.067B,2.693B,8.415B,14.86B,5.722B,437.40M,857.20M,577.00M
SJM,2020-07,-360.90M,396.60M,1.196B,731.70M,2.08,2.08,12.68B,3.908B,775.40M,2020-07,995.00M,237.00M,-46.10M,-46.10M,2.087B,1.354B,4.785B,361.10M,968.90M,313.60M,76.60M,1.972B,357.50M,8.345B,16.90B,28.50M,1.985B,2.073B,8.557B,14.92B,6.484B,414.30M,780.60M,497.60M
SJM,2020-04,-379.00M,391.10M,1.304B,286.70M,1.98,1.98,12.73B,3.887B,788.40M,2020-04,895.30M,226.30M,-45.60M,-45.60M,2.118B,1.352B,5.497B,353.30M,1.050B,298.40M,72.10M,2.092B,373.40M,8.191B,16.97B,29.00M,1.973B,1.587B,8.780B,15.00B,7.192B,435.10M,882.30M,551.40M
SJM,2020-01,-266.30M,74.40M,1.212B,851.50M,1.64,1.64,12.80B,3.814B,760.00M,2020-01,958.80M,187.40M,-45.10M,-45.10M,2.080B,1.364B,4.717B,344.70M,773.70M,242.50M,55.10M,1.972B,358.90M,8.170B,16.64B,29.00M,1.603B,2.077B,8.466B,15.03B,6.388B,415.30M,575.00M,477.30M
SJM,2019-10,-248.40M,48.80M,1.204B,1.172B,1.85,1.85,12.92B,3.756B,754.00M,2019-10,1.013B,211.20M,-49.10M,-49.10M,2.069B,1.378B,4.701B,333.10M,736.00M,279.10M,67.90M,1.958B,361.50M,8.095B,16.79B,29.00M,1.659B,2.310B,8.696B,15.13B,6.386B,420.90M,521.80M,522.40M
SJM,2019-07,-216.70M,48.80M,1.079B,1.138B,1.36,1.36,12.97B,3.707B,699.60M,2019-07,1.013B,154.60M,-49.40M,-49.40M,2.058B,1.387B,4.798B,260.90M,708.40M,206.70M,52.10M,1.779B,380.50M,8.008B,16.79B,29.00M,1.614B,2.291B,8.784B,15.18B,6.493B,438.70M,503.10M,473.70M
SJM,2019-04,-181.80M,101.30M,1.210B,1.224B,0.63,0.63,13.03B,3.532B,692.40M,2019-04,910.30M,71.50M,-49.10M,-49.10M,1.912B,1.399B,4.686B,263.70M,830.40M,101.90M,30.40M,1.902B,369.80M,7.970B,16.71B,28.90M,1.625B,2.342B,8.741B,15.09B,6.399B,428.70M,687.70M,503.80M
SJM,2019-01,-153.30M,206.50M,1.238B,803.30M,1.07,1.07,13.20B,3.423B,773.80M,2019-01,924.70M,121.40M,-51.60M,-51.60M,1.848B,1.450B,5.286B,343.60M,636.70M,157.20M,35.80M,2.012B,373.10M,8.022B,16.93B,28.90M,1.726B,1.816B,8.906B,15.20B,7.090B,430.20M,519.60M,502.60M
SJM,2018-10,-116.40M,171.20M,1.250B,390.00M,1.66,1.66,13.40B,3.343B,771.30M,2018-10,966.20M,188.50M,-53.60M,-53.60M,1.819B,1.525B,5.885B,355.90M,671.60M,269.40M,80.90M,2.022B,382.40M,8.03B,17.17B,28.90M,1.787B,1.434B,9.144B,15.39B,7.710B,415.40M,552.40M,561.90M
SJM,2018-07,-118.80M,192.00M,1.224B,530.00M,1.17,1.17,13.72B,3.396B,678.20M,2018-07,1.017B,133.00M,-53.60M,-53.60M,1.828B,1.550B,6.185B,234.60M,673.70M,173.10M,40.10M,1.902B,383.30M,7.931B,17.51B,28.90M,1.806B,1.544B,9.582B,15.71B,8.038B,443.60M,532.10M,504.20M
SJM,2018-04,-116.70M,192.60M,1.091B,144.00M,1.64,1.64,11.86B,3.256B,690.50M,2018-04,854.40M,185.90M,-47.40M,-47.40M,1.729B,1.377B,4.688B,315.70M,702.30M,264.20M,78.30M,1.781B,324.00M,7.891B,15.30B,28.90M,1.555B,1.034B,7.410B,13.75B,6.376B,374.80M,600.70M,385.60M
SJM,2018-01,-91.10M,186.20M,1.175B,254.00M,7.32,7.32,11.92B,3.130B,728.50M,2018-01,909.10M,831.30M,-43.10M,-43.10M,1.634B,1.381B,4.688B,346.50M,588.50M,116.00M,-715.30M,1.903B,330.60M,7.804B,15.33B,28.90M,1.610B,1.090B,7.525B,13.72B,6.435B,382.00M,471.20M,422.70M
SJM,2017-10,-113.70M,180.30M,1.169B,963.50M,1.71,1.71,12.14B,3.078B,755.00M,2017-10,1.012B,194.60M,-41.60M,-41.60M,1.616B,2.172B,4.294B,341.80M,645.60M,291.80M,97.20M,1.924B,359.50M,7.036B,15.70B,28.40M,1.786B,1.854B,8.666B,13.92B,6.811B,413.20M,507.40M,481.60M
SJM,2017-07,-106.70M,183.20M,1.087B,783.20M,1.12,1.12,12.20B,3.013B,662.10M,2017-07,981.30M,126.80M,-42.00M,-42.00M,1.596B,2.170B,4.445B,262.30M,640.00M,189.00M,62.20M,1.749B,348.80M,6.932B,15.64B,28.40M,1.692B,1.751B,8.710B,13.95B,6.959B,399.80M,477.60M,433.70M
SJM,2017-04,-143.40M,166.80M,1.137B,953.00M,0.96,0.96,12.23B,2.982B,646.80M,2017-04,905.70M,110.40M,-40.30M,-40.30M,1.618B,2.167B,4.446B,275.40M,668.30M,161.90M,51.50M,1.784B,323.30M,6.850B,15.64B,28.40M,1.642B,1.833B,8.790B,14.00B,6.957B,371.40M,562.30M,438.70M
SJM,2017-01,-146.40M,139.60M,1.156B,142.00M,1.16,1.16,12.35B,2.900B,722.90M,2017-01,995.60M,134.60M,-40.30M,-40.30M,1.574B,2.246B,4.945B,331.40M,576.10M,197.60M,63.00M,1.879B,337.20M,7.242B,15.81B,29.10M,1.691B,997.20M,8.570B,14.12B,7.573B,391.50M,428.50M,421.40M
SJM,2016-10,-156.10M,121.80M,1.171B,406.00M,1.52,1.52,12.47B,2.861B,742.90M,2016-10,1.028B,177.30M,-41.00M,-41.00M,1.587B,2.245B,4.945B,329.90M,615.80M,265.50M,88.20M,1.914B,363.10M,7.180B,16.06B,29.10M,1.805B,1.306B,8.878B,14.25B,7.572B,413.00M,435.80M,517.80M
SJM,2016-07,-145.90M,109.60M,1.093B,306.00M,1.46,1.46,12.53B,2.824B,722.70M,2016-07,1.015B,170.00M,-41.50M,-41.50M,1.598B,2.245B,5.046B,316.00M,628.30M,253.40M,83.40M,1.816B,356.00M,7.096B,16.06B,29.10M,1.741B,1.288B,8.966B,14.32B,7.678B,406.70M,452.00M,523.00M
SJM,2016-04,-148.40M,109.80M,1.120B,284.00M,1.61,1.61,12.59B,2.804B,688.00M,2016-04,899.40M,191.00M,-40.50M,-40.50M,1.628B,2.230B,5.146B,287.10M,649.60M,210.20M,19.20M,1.808B,351.80M,7.008B,15.98B,29.10M,1.573B,1.213B,8.976B,14.41B,7.763B,400.90M,537.30M,450.10M
SJM,2016-01,-146.80M,140.50M,1.210B,138.00M,1.55,1.55,12.66B,2.757B,763.80M,2016-01,942.00M,185.30M,-43.60M,-43.60M,1.624B,2.462B,5.146B,359.70M,516.30M,275.30M,90.00M,1.974B,381.10M,7.326B,16.28B,29.90M,1.798B,1.006B,8.956B,14.48B,7.95B,404.10M,371.00M,503.80M
SJM,2015-10,-128.80M,139.00M,1.290B,370.00M,1.47,1.47,12.84B,2.776B,787.30M,2015-10,1.051B,176.00M,-42.60M,-42.60M,1.662B,2.477B,5.494B,344.40M,481.90M,269.60M,93.60M,2.078B,389.80M,7.233B,16.69B,29.90M,2.006B,1.133B,9.462B,14.69B,8.329B,442.90M,341.40M,605.40M
SJM,2015-07,-130.90M,133.60M,1.223B,302.60M,1.14,1.14,12.89B,2.726B,728.70M,2015-07,1.151B,136.40M,-44.40M,-44.40M,1.657B,2.522B,5.695B,290.00M,460.60M,222.80M,86.40M,1.952B,387.60M,7.13B,16.76B,29.90M,2.026B,1.059B,9.628B,14.73B,8.569B,438.70M,347.10M,507.90M
SJM,2015-04,-109.80M,125.60M,1.016B,226.00M,-0.82,-0.82,12.96B,2.699B,430.60M,2015-04,1.164B,-90.30M,-202.80M,-202.80M,1.678B,2.397B,5.945B,111.00M,584.20M,-129.80M,-39.50M,1.447B,288.20M,7.087B,16.81B,29.90M,1.984B,1.023B,9.719B,14.82B,8.697B,319.60M,479.30M,430.10M
SJM,2015-01,-109.50M,111.70M,917.10M,288.00M,1.58,1.58,6.109B,2.309B,522.90M,2015-01,944.20M,160.90M,-16.80M,-16.80M,1.323B,1.026B,1.892B,261.00M,249.70M,238.40M,77.50M,1.44B,237.30M,5.224B,9.096B,25.40M,1.516B,710.10M,3.871B,7.58B,3.161B,261.90M,232.30M,373.90M
SJM,2014-10,-74.20M,105.30M,945.30M,545.90M,1.55,1.55,6.146B,2.268B,536.50M,2014-10,1.065B,158.30M,-16.20M,-16.20M,1.305B,1.028B,1.891B,257.60M,288.50M,238.90M,80.60M,1.482B,252.40M,5.165B,9.335B,25.50M,1.726B,1.004B,4.170B,7.609B,3.166B,278.90M,251.30M,453.20M
SJM,2014-07,-56.90M,149.40M,845.10M,470.00M,1.14,1.14,6.098B,2.207B,478.70M,2014-07,1.084B,116.00M,-17.40M,-17.40M,1.275B,1.020B,1.881B,200.20M,339.30M,175.50M,59.50M,1.324B,253.40M,5.084B,9.250B,25.50M,1.728B,1.019B,4.166B,7.522B,3.146B,278.50M,279.40M,392.50M
SJM,2014-04,-51.60M,153.50M,794.00M,343.20M,1.16,1.16,6.122B,2.164B,440.30M,2014-04,931.00M,118.50M,-16.70M,-16.70M,1.266B,1.021B,1.873B,197.20M,406.70M,183.70M,65.20M,1.234B,218.00M,5.030B,9.060B,25.40M,1.539B,885.80M,4.031B,7.521B,3.145B,243.10M,348.20M,309.40M
SJM,2014-01,-94.30M,168.60M,920.30M,150.00M,1.59,1.59,6.145B,2.074B,545.20M,2014-01,864.80M,166.70M,-18.40M,-18.40M,1.185B,1.004B,1.879B,270.60M,275.50M,246.50M,79.80M,1.466B,250.30M,5.205B,8.989B,26.10M,1.508B,608.30M,3.784B,7.481B,3.176B,274.60M,220.20M,365.20M
SJM,2013-10,-83.00M,150.50M,1.007B,357.00M,1.46,1.46,6.177B,2.057B,552.60M,2013-10,1.024B,153.40M,-20.50M,-20.50M,1.163B,999.80M,1.884B,257.70M,333.00M,230.00M,76.60M,1.560B,270.30M,5.168B,9.246B,26.30M,1.762B,896.00M,4.078B,7.484B,3.182B,294.90M,261.60M,464.20M
SJM,2013-07,-79.30M,157.50M,858.00M,235.00M,1.19,1.19,6.115B,2.012B,492.90M,2013-07,1.059B,126.60M,-23.80M,-23.80M,1.139B,979.80M,1.867B,219.10M,347.90M,189.50M,62.90M,1.351B,250.20M,5.075B,9.034B,26.30M,1.630B,803.10M,3.959B,7.404B,3.156B,273.80M,264.80M,357.30M
SJM,2013-04,-76.60M,256.40M,860.00M,50.00M,1.22,1.22,6.142B,1.985B,479.70M,2013-04,945.50M,130.30M,-22.10M,-22.10M,1.142B,987.20M,1.968B,221.30M,398.60M,191.80M,61.50M,1.340B,233.50M,5.149B,9.032B,26.60M,1.595B,596.80M,3.883B,7.437B,3.286B,258.40M,341.20M,313.70M
SJM,2013-01,-74.86M,438.81M,1.023B,50.00M,1.42,1.42,6.168B,1.936B,536.20M,2013-01,878.16M,154.20M,-23.80M,-23.80M,1.122B,999.32M,2.019B,265.10M,341.41M,234.00M,79.80M,1.560B,251.00M,5.260B,9.184B,27.12M,1.746B,593.46M,3.924B,7.439B,3.331B,271.10M,251.58M,360.20M
SJM,2012-10,-80.21M,203.56M,1.087B,50.00M,1.36,1.36,6.192B,1.925B,541.90M,2012-10,975.43M,148.80M,-23.90M,-23.90M,1.113B,996.87M,2.019B,259.10M,421.29M,224.20M,75.40M,1.629B,257.20M,5.153B,9.189B,27.12M,1.736B,706.07M,4.036B,7.453B,3.330B,282.80M,290.05M,469.37M
SJM,2012-07,-84.39M,311.47M,899.90M,50.00M,1,1,6.215B,1.891B,469.80M,2012-07,1.019B,110.90M,-23.60M,-23.60M,1.101B,995.39M,2.020B,214.40M,398.24M,167.30M,56.40M,1.370B,232.20M,5.223B,9.262B,27.61M,1.800B,710.47M,4.039B,7.462B,3.328B,255.40M,283.20M,390.92M
SJM,2012-04,-84.00M,229.70M,905.61M,50.00M,0.93,0.93,6.242B,1.853B,449.76M,2012-04,961.60M,104.09M,-22.42M,-22.42M,1.096B,992.70M,2.020B,211.50M,389.70M,163.94M,59.85M,1.355B,214.53M,5.163B,9.115B,27.60M,1.644B,616.90M,3.952B,7.472B,3.335B,238.26M,327.60M,347.50M
SJM,2012-01,-32.73M,370.43M,1.002B,306.70M,1.03,1.03,6.267B,1.822B,465.68M,2012-01,990.82M,116.84M,-23.14M,-23.14M,1.064B,1.030B,2.071B,219.79M,286.51M,177.24M,60.39M,1.468B,225.02M,5.384B,9.236B,28.31M,1.806B,494.34M,3.852B,7.430B,3.357B,245.90M,232.42M,364.72M
SJM,2011-10,-29.85M,496.29M,1.015B,0,1.12,1.12,5.997B,1.678B,498.67M,2011-10,1.144B,127.25M,-19.12M,-19.12M,948.22M,1.031B,2.072B,240.13M,357.68M,193.20M,65.95M,1.514B,236.60M,5.363B,9.215B,28.46M,2.194B,544.92M,3.852B,7.022B,3.307B,258.54M,260.65M,462.17M
SJM,2011-07,-7.538M,102.48M,757.80M,0,0.98,0.98,6.036B,1.625B,431.08M,2011-07,1.214B,111.52M,-15.12M,-15.12M,925.69M,1.038B,1.318B,195.28M,407.82M,166.83M,55.30M,1.189B,216.55M,5.348B,8.782B,28.60M,1.740B,875.23M,3.434B,7.042B,2.559B,235.80M,326.46M,350.29M
SJM,2011-04,3.629M,319.84M,766.14M,0,0.83,0.82,5.753B,1.524B,420.98M,2011-04,863.58M,94.90M,-15.71M,-15.71M,867.88M,1.043B,1.304B,182.64M,347.74M,149.94M,55.04M,1.187B,222.69M,5.292B,8.325B,28.54M,1.637B,482.68M,3.032B,6.688B,2.550B,238.34M,285.15M,344.41M
