Ticker,Date,Accrued Comprehensive Inc,Cash and Short Term Investments,Cost of Goods Sold,Current Debt & Capital Lease Obligation,Current Deferred Liabilities,EPS Basic,EPS Diluted,Goodwill and Intangibles,Gross PP&E,Gross Profit,Income (Quarterly),Inventories,Net Income,Net Non-Operating Interest Income Expense,Net Operating Interest Income,Net PP&E,Non-Current Deferred Liabilities,Non-Current Portion of LTD and Capital Lease Obligation,Operating Income,Payables and Accrued Expenses,Pre-Tax Income,Provision for Income Taxes,Revenue,SG&A Expense,Shareholders Equity,Total Assets,Total Capital Stock,Total Current Assets,Total Current Liabilities,Total Liabilities,Total Long Term Assets,Total Long Term Liabilities,Total Operating Expenses,Total Payables,Total Receivables
SNA,2021-03,-388.30M,904.60M,534.30M,268.50M,53.60M,3.55,3.5,1.416B,1.547B,578.90M,2021-03,730.10M,192.60M,-13.90M,-13.90M,569.00M,74.90M,1.214B,266.20M,816.00M,256.20M,59.10M,1.113B,0,3.876B,6.674B,67.40M,3.052B,1.234B,2.776B,3.621B,1.542B,312.70M,235.90M,1.286B
SNA,2020-12,-365.80M,923.40M,583.10M,287.80M,55.10M,3.85,3.82,1.243B,1.551B,584.70M,2020-12,746.50M,208.90M,-14.90M,-14.90M,578.10M,70.40M,1.216B,284.70M,655.20M,271.70M,58.20M,1.168B,0,3.825B,6.557B,67.40M,3.083B,1.165B,2.711B,3.474B,1.546B,300.00M,318.50M,1.283B
SNA,2020-09,-465.60M,787.50M,492.30M,289.40M,47.30M,3.31,3.28,1.180B,1.502B,535.10M,2020-09,764.40M,179.70M,-13.30M,-13.30M,556.40M,63.50M,1.224B,251.30M,659.20M,240.30M,55.10M,1.027B,0,3.619B,6.268B,67.40M,2.938B,1.117B,2.627B,3.329B,1.510B,283.80M,206.00M,1.265B
SNA,2020-06,-514.40M,686.20M,410.10M,12.10M,0,1.86,1.85,1.166B,559.60M,398.80M,2020-06,784.00M,101.20M,-13.10M,-13.10M,559.60M,67.50M,1.470B,148.70M,670.10M,137.30M,31.90M,808.90M,0,3.487B,6.114B,67.40M,2.772B,829.40M,2.605B,3.341B,1.776B,250.10M,186.20M,1.170B
SNA,2020-03,-609.90M,185.80M,459.60M,160.10M,0,2.52,2.49,1.132B,1.463B,478.50M,2020-03,757.40M,137.20M,-11.00M,-11.00M,559.60M,66.30M,982.90M,195.80M,645.70M,185.90M,43.90M,938.10M,0,3.331B,5.564B,67.40M,2.303B,921.90M,2.211B,3.261B,1.289B,282.70M,193.70M,1.242B
SNA,2019-12,-507.90M,184.50M,526.40M,222.40M,0,3.12,3.08,1.158B,1.481B,512.70M,2019-12,760.40M,170.60M,-11.70M,-11.70M,577.10M,69.30M,984.40M,233.60M,548.00M,223.90M,48.90M,1.039B,0,3.409B,5.694B,67.40M,2.380B,947.60M,2.263B,3.313B,1.315B,279.10M,261.00M,1.325B
SNA,2019-09,-543.90M,167.50M,476.80M,232.30M,0,2.99,2.96,1.145B,1.454B,509.10M,2019-09,753.50M,164.60M,-11.60M,-11.60M,564.20M,45.80M,981.80M,228.70M,614.90M,219.50M,50.40M,985.90M,0,3.304B,5.596B,67.40M,2.348B,990.10M,2.271B,3.248B,1.281B,280.40M,205.80M,1.321B
SNA,2019-06,-500.70M,164.00M,501.00M,168.20M,0,3.27,3.22,1.135B,1.445B,534.40M,2019-06,725.80M,180.40M,-12.10M,-12.10M,561.80M,45.40M,983.60M,250.50M,630.90M,240.20M,55.60M,1.035B,0,3.288B,5.545B,67.40M,2.307B,930.80M,2.237B,3.239B,1.306B,283.90M,215.30M,1.305B
SNA,2019-03,-496.40M,156.40M,473.60M,142.50M,0,3.21,3.16,1.131B,1.422B,533.70M,2019-03,707.00M,177.90M,-12.10M,-12.10M,552.40M,55.10M,983.30M,249.50M,663.20M,238.50M,56.90M,1.007B,0,3.198B,5.491B,67.40M,2.265B,936.00M,2.273B,3.226B,1.337B,284.20M,200.40M,1.294B
SNA,2018-12,-462.20M,140.90M,521.70M,186.30M,0,3.14,3.09,1.135B,1.345B,513.50M,2018-12,673.80M,175.00M,-12.20M,-12.20M,495.10M,41.40M,946.00M,238.20M,579.40M,228.80M,49.50M,1.035B,0,3.099B,5.373B,67.40M,2.217B,952.00M,2.254B,3.156B,1.302B,275.30M,275.60M,1.309B
SNA,2018-09,-369.70M,122.20M,466.90M,164.50M,38.90M,2.9,2.85,1.152B,1.334B,513.20M,2018-09,690.60M,163.20M,-12.30M,-12.30M,491.00M,27.30M,944.80M,232.40M,642.80M,219.00M,51.50M,980.10M,0,3.164B,5.355B,67.40M,2.215B,956.80M,2.171B,3.140B,1.214B,280.80M,197.60M,1.303B
SNA,2018-06,-377.30M,112.30M,491.70M,127.60M,43.00M,3.17,3.12,1.152B,1.313B,544.90M,2018-06,668.30M,178.70M,-11.80M,-11.80M,479.40M,27.20M,945.40M,250.90M,662.60M,238.30M,55.80M,1.037B,0,3.093B,5.272B,67.40M,2.155B,927.00M,2.160B,3.117B,1.233B,294.00M,198.50M,1.269B
SNA,2018-03,-285.40M,97.50M,490.00M,145.20M,0,2.87,2.82,1.193B,1.325B,528.50M,2018-03,678.80M,163.00M,-13.50M,-13.50M,489.70M,31.70M,946.30M,234.60M,677.20M,223.80M,57.60M,1.018B,0,3.084B,5.318B,67.40M,2.168B,951.60M,2.215B,3.149B,1.264B,293.90M,188.20M,1.285B
SNA,2017-12,-329.00M,92.00M,534.50M,433.20M,0,2.28,2.24,1.178B,1.271B,520.00M,2017-12,638.80M,129.50M,-13.50M,-13.50M,484.40M,28.40M,753.60M,212.40M,583.20M,197.00M,63.80M,1.054B,0,2.954B,5.249B,67.40M,2.119B,1.193B,2.277B,3.130B,1.084B,307.60M,265.20M,1.278B
SNA,2017-09,-341.80M,94.10M,478.00M,453.40M,0,2.33,2.29,1.182B,1.248B,504.80M,2017-09,649.90M,133.40M,-13.10M,-13.10M,474.20M,28.50M,755.00M,208.70M,618.50M,193.90M,57.20M,982.80M,0,2.922B,5.256B,67.40M,2.146B,1.223B,2.316B,3.110B,1.093B,296.10M,204.70M,1.281B
SNA,2017-06,-397.00M,89.00M,481.30M,350.20M,0,2.65,2.6,1.156B,1.217B,517.80M,2017-06,601.40M,153.20M,-12.90M,-12.90M,463.40M,21.90M,755.60M,238.30M,588.40M,223.40M,67.30M,999.10M,0,2.855B,5.067B,67.40M,2.034B,1.074B,2.194B,3.033B,1.120B,279.50M,202.30M,1.224B
SNA,2017-03,-450.40M,123.00M,463.10M,267.20M,0,2.45,2.39,1.100B,1.171B,500.80M,2017-03,556.80M,141.60M,-12.60M,-12.60M,437.50M,24.40M,755.40M,222.70M,576.70M,207.60M,62.60M,963.90M,0,2.748B,4.878B,67.40M,1.974B,971.50M,2.112B,2.904B,1.140B,278.10M,189.90M,1.177B
SNA,2016-12,-498.50M,77.60M,467.70M,301.40M,0,2.52,2.47,1.080B,1.138B,496.30M,2016-12,530.50M,146.30M,-13.00M,-13.00M,425.20M,13.10M,708.80M,234.60M,488.60M,214.30M,64.90M,964.00M,0,2.617B,4.723B,67.40M,1.884B,989.50M,2.088B,2.839B,1.098B,261.70M,228.40M,1.159B
SNA,2016-09,-372.90M,117.50M,436.00M,182.60M,0,2.27,2.22,973.80M,1.135B,469.70M,2016-09,523.60M,131.70M,-12.90M,-12.90M,419.20M,13.40M,713.40M,208.20M,532.20M,194.30M,59.60M,905.70M,0,2.671B,4.600B,67.40M,1.909B,878.60M,1.912B,2.691B,1.033B,261.50M,172.60M,1.156B
SNA,2016-06,-369.80M,119.90M,460.80M,174.40M,0,2.41,2.36,977.40M,1.127B,480.80M,2016-06,507.10M,140.10M,-12.70M,-12.70M,418.50M,13.50M,715.20M,215.90M,535.90M,204.20M,62.20M,941.60M,0,2.584B,4.505B,67.40M,1.852B,853.10M,1.904B,2.653B,1.050B,264.90M,169.10M,1.106B
SNA,2016-03,-340.10M,106.30M,438.20M,170.80M,40.70M,2.21,2.16,990.00M,1.119B,462.30M,2016-03,511.60M,128.30M,-13.00M,-13.00M,417.40M,14.50M,714.60M,202.40M,536.50M,188.60M,57.60M,900.50M,0,2.517B,4.436B,67.40M,1.842B,837.20M,1.901B,2.595B,1.064B,259.90M,161.70M,1.101B
SNA,2015-12,-364.20M,92.80M,457.50M,18.40M,34.10M,2.26,2.22,985.10M,1.098B,457.30M,2015-12,497.80M,131.40M,-12.80M,-12.80M,413.50M,14.30M,861.70M,207.30M,455.70M,193.80M,59.30M,914.80M,0,2.413B,4.331B,67.40M,1.789B,670.20M,1.900B,2.542B,1.230B,250.00M,216.50M,1.092B
SNA,2015-09,-322.20M,119.20M,432.20M,73.60M,26.60M,2.01,1.98,994.10M,1.093B,450.40M,2015-09,527.70M,116.80M,-12.90M,-12.90M,413.20M,161.00M,864.10M,187.10M,552.60M,173.60M,53.90M,882.60M,0,2.361B,4.491B,67.40M,1.953B,785.50M,2.113B,2.538B,1.327B,263.30M,178.10M,1.088B
SNA,2015-06,-302.00M,124.60M,450.10M,61.00M,0,2.07,2.03,985.80M,1.081B,460.40M,2015-06,499.20M,120.00M,-12.80M,-12.80M,411.20M,160.40M,861.40M,192.20M,533.80M,178.60M,56.20M,910.50M,0,2.298B,4.391B,67.40M,1.898B,739.80M,2.074B,2.493B,1.335B,268.20M,166.10M,1.049B
SNA,2015-03,-339.20M,114.40M,434.80M,78.80M,0,1.9,1.87,977.10M,1.048B,450.40M,2015-03,482.30M,110.50M,-12.90M,-12.90M,396.20M,158.70M,864.40M,178.20M,508.90M,164.50M,51.80M,885.20M,0,2.171B,4.262B,67.40M,1.843B,726.50M,2.074B,2.419B,1.348B,272.20M,162.00M,1.027B
SNA,2014-12,-248.20M,132.90M,463.30M,56.60M,0,2,1.97,1.014B,1.063B,453.50M,2014-12,475.50M,116.20M,-13.60M,-13.60M,404.50M,159.20M,862.70M,187.40M,463.00M,173.40M,54.90M,916.80M,0,2.208B,4.310B,67.40M,1.859B,718.70M,2.085B,2.452B,1.366B,266.10M,202.00M,1.028B
SNA,2014-09,-97.90M,124.70M,428.30M,58.70M,0,1.78,1.76,1.036B,1.065B,431.60M,2014-09,484.60M,103.70M,-12.60M,-12.60M,404.10M,148.20M,860.50M,168.30M,512.00M,154.70M,48.40M,859.90M,0,2.277B,4.268B,67.40M,1.860B,733.90M,1.974B,2.408B,1.240B,263.30M,167.60M,1.058B
SNA,2014-06,-36.50M,115.80M,443.00M,46.30M,0,1.83,1.8,1.059B,1.064B,435.20M,2014-06,467.50M,106.10M,-12.60M,-12.60M,401.80M,147.10M,861.50M,172.90M,506.50M,160.50M,51.90M,878.20M,0,2.255B,4.228B,67.40M,1.809B,696.70M,1.956B,2.420B,1.259B,262.30M,171.90M,1.032B
SNA,2014-03,-36.90M,127.80M,424.60M,16.40M,0,1.65,1.62,1.031B,1.052B,413.10M,2014-03,452.60M,95.90M,-13.60M,-13.60M,394.30M,145.30M,859.90M,156.10M,487.00M,142.30M,44.30M,837.70M,0,2.187B,4.104B,67.40M,1.770B,632.90M,1.900B,2.334B,1.268B,257.00M,160.10M,1.008B
SNA,2013-12,-44.80M,217.60M,433.40M,113.10M,0,1.63,1.6,1.029B,1.037B,411.50M,2013-12,434.40M,94.50M,-14.10M,-14.10M,392.50M,143.80M,858.90M,156.60M,420.80M,141.50M,44.60M,844.90M,0,2.113B,4.11B,67.40M,1.796B,715.40M,1.980B,2.314B,1.264B,254.90M,194.60M,974.60M
SNA,2013-09,-111.10M,182.50M,402.40M,117.70M,24.80M,1.45,1.43,1.030B,1.024B,395.90M,2013-09,440.30M,84.60M,-14.30M,-14.30M,384.40M,137.90M,861.10M,142.90M,459.40M,127.70M,40.80M,798.30M,235.00M,1.989B,4.101B,67.40M,1.783B,725.70M,2.095B,2.318B,1.369B,253.00M,161.80M,962.40M
SNA,2013-06,-155.90M,174.70M,404.80M,114.90M,24.90M,1.52,1.5,1.016B,1.003B,403.80M,2013-06,418.10M,88.40M,-13.70M,-13.70M,375.10M,138.50M,861.40M,148.40M,453.10M,132.90M,42.50M,808.60M,243.40M,1.879B,3.962B,67.40M,1.686B,696.10M,2.066B,2.275B,1.370B,255.40M,157.60M,911.40M
SNA,2013-03,-146.50M,213.60M,398.30M,111.40M,0,1.42,1.4,985.80M,993.20M,387.40M,2013-03,401.30M,82.80M,-13.50M,-13.50M,372.30M,133.80M,868.00M,138.30M,444.60M,124.10M,38.80M,785.70M,0,1.830B,3.903B,67.40M,1.676B,669.70M,2.057B,2.227B,1.387B,249.10M,148.70M,888.10M
SNA,2012-12,-124.20M,214.50M,414.80M,5.20M,0,1.45,1.43,994.60M,990.20M,381.30M,2012-12,404.20M,84.60M,-14.30M,-14.30M,375.20M,127.10M,970.40M,140.70M,416.20M,126.40M,39.80M,796.10M,0,1.802B,3.902B,67.40M,1.669B,589.20M,2.083B,2.233B,1.494B,240.60M,195.00M,883.70M
SNA,2012-09,-131.00M,176.10M,383.80M,18.70M,0,1.27,1.26,987.40M,978.20M,368.30M,2012-09,417.50M,74.10M,-13.60M,-13.60M,373.30M,119.40M,971.20M,124.10M,461.20M,110.30M,34.90M,752.10M,0,1.740B,3.872B,67.40M,1.624B,621.60M,2.116B,2.248B,1.494B,244.20M,146.90M,853.70M
SNA,2012-06,-180.80M,173.60M,402.30M,14.20M,0,1.31,1.3,972.20M,951.80M,375.50M,2012-06,401.40M,76.40M,-13.60M,-13.60M,361.60M,112.00M,970.20M,130.20M,458.70M,116.40M,38.30M,777.80M,0,1.633B,3.742B,67.30M,1.555B,596.10M,2.092B,2.187B,1.496B,245.30M,141.40M,810.90M
SNA,2012-03,-146.10M,161.60M,401.60M,14.00M,0,1.22,1.21,993.30M,951.10M,371.60M,2012-03,395.80M,71.00M,-13.70M,-13.70M,360.70M,110.60M,965.50M,121.40M,438.50M,107.10M,35.20M,773.20M,0,1.603B,3.710B,67.30M,1.535B,565.90M,2.09B,2.175B,1.524B,250.20M,139.00M,803.00M
SNA,2011-12,-174.60M,185.60M,452.20M,16.20M,0,1.28,1.27,984.10M,927.00M,408.70M,2011-12,386.40M,74.30M,-13.20M,-13.20M,352.90M,108.10M,967.90M,176.70M,404.40M,111.40M,36.20M,860.90M,0,1.531B,3.673B,67.30M,1.531B,583.80M,2.126B,2.142B,1.542B,232.00M,166.70M,790.40M
SNA,2011-09,-87.00M,185.70M,367.90M,13.90M,0,1.16,1.16,998.00M,925.90M,329.30M,2011-09,399.70M,67.80M,-14.80M,-14.80M,353.30M,97.60M,968.00M,94.30M,508.60M,98.30M,30.50M,697.20M,0,1.558B,3.630B,67.30M,1.523B,569.40M,2.056B,2.107B,1.486B,235.00M,132.00M,762.00M
SNA,2011-06,-26.10M,418.20M,384.50M,215.00M,0,1.34,1.33,1.020B,930.20M,342.20M,2011-06,392.20M,78.00M,-15.90M,-15.90M,357.20M,97.90M,955.50M,98.80M,434.50M,118.90M,39.80M,726.70M,0,1.567B,3.826B,67.30M,1.736B,771.00M,2.244B,2.091B,1.473B,243.40M,139.00M,748.50M
