Ticker,Date,Accrued Comprehensive Inc,Cash and Short Term Investments,Cost of Goods Sold,Current Debt & Capital Lease Obligation,Current Deferred Liabilities,EPS Basic,EPS Diluted,Goodwill and Intangibles,Gross PP&E,Gross Profit,Income (Quarterly),Inventories,Net Income,Net Non-Operating Interest Income Expense,Net Operating Interest Income,Net PP&E,Non-Current Deferred Liabilities,Non-Current Portion of LTD and Capital Lease Obligation,Operating Income,Payables and Accrued Expenses,Pre-Tax Income,Provision for Income Taxes,Research and Development Expense,Revenue,SG&A Expense,Shareholders Equity,Total Assets,Total Capital Stock,Total Current Assets,Total Current Liabilities,Total Liabilities,Total Long Term Assets,Total Long Term Liabilities,Total Operating Expenses,Total Payables,Total Receivables
SNPS,2021-01,-34.78M,1.023B,208.00M,170.19M,1.546B,1.06,1.03,3.687B,948.74M,762.32M,2021-01,230.91M,162.34M,-0.429M,-0.429M,948.74M,416.34M,485.54M,148.35M,455.16M,177.10M,15.08M,357.47M,970.32M,248.12M,4.882B,8.013B,1.526M,2.398B,2.171B,3.126B,5.615B,954.56M,613.97M,57.60M,814.51M
SNPS,2020-10,-54.07M,1.236B,224.55M,100.26M,1.388B,1.3,1.26,3.619B,1.719B,800.89M,2020-10,192.33M,197.46M,-0.326M,-0.326M,949.64M,374.59M,563.23M,195.74M,651.40M,191.57M,-4.989M,339.57M,1.025B,256.30M,4.907B,8.030B,1.528M,2.549B,2.140B,3.118B,5.481B,977.77M,605.14M,57.74M,813.06M
SNPS,2020-07,-72.82M,1.050B,193.01M,96.11M,1.390B,1.67,1.62,3.632B,956.77M,771.13M,2020-07,159.81M,252.91M,-0.161M,-0.161M,956.77M,381.40M,577.32M,208.62M,570.56M,236.85M,-16.06M,322.60M,964.13M,229.97M,4.596B,7.663B,1.519M,2.186B,2.056B,3.062B,5.477B,1.006B,562.50M,57.78M,659.45M
SNPS,2020-04,-104.03M,856.42M,184.26M,193.88M,1.397B,0.73,0.71,3.591B,933.19M,677.06M,2020-04,166.44M,109.92M,-0.967M,-0.967M,933.19M,368.81M,576.46M,155.57M,463.81M,110.17M,0.246M,302.57M,861.33M,208.67M,4.275B,7.322B,1.509M,1.961B,2.054B,3.042B,5.362B,987.32M,521.50M,68.51M,653.62M
SNPS,2020-01,-83.31M,700.36M,192.87M,276.85M,1.405B,0.69,0.67,3.514B,917.66M,641.51M,2020-01,148.06M,104.06M,-0.125M,-0.125M,917.66M,362.36M,581.67M,96.27M,374.16M,99.57M,-4.488M,314.28M,834.38M,221.60M,4.149B,7.203B,1.502M,1.951B,2.056B,3.048B,5.251B,992.48M,545.25M,45.39M,821.02M
SNPS,2019-10,-92.45M,728.60M,182.74M,17.61M,1.212B,1.07,1.04,3.451B,1.113B,668.34M,2019-10,141.52M,160.71M,0.528M,0.528M,429.53M,339.92M,120.09M,143.16M,522.36M,131.62M,-29.09M,290.50M,851.08M,224.59M,4.083B,6.405B,1.503M,1.739B,1.752B,2.316B,4.666B,563.83M,525.18M,35.72M,578.75M
SNPS,2019-07,-96.65M,686.78M,186.63M,16.65M,1.139B,0.67,0.65,3.426B,935.99M,666.34M,2019-07,155.11M,99.93M,-0.425M,-0.425M,372.57M,339.74M,125.28M,146.93M,474.80M,132.91M,32.98M,284.80M,852.97M,224.49M,3.934B,6.153B,1.504M,1.618B,1.630B,2.214B,4.536B,583.29M,519.41M,18.02M,487.14M
SNPS,2019-04,-96.72M,631.16M,190.68M,165.69M,1.194B,0.79,0.77,3.451B,0,645.56M,2019-04,166.33M,118.21M,-1.914M,-1.914M,344.18M,305.66M,126.15M,129.94M,372.83M,133.92M,15.71M,290.30M,836.24M,215.00M,3.910B,6.194B,1.50M,1.644B,1.733B,2.279B,4.550B,545.86M,515.62M,38.20M,586.54M
SNPS,2019-01,-97.85M,592.30M,192.89M,414.73M,1.262B,1.03,1.01,3.478B,0,627.51M,2019-01,137.56M,153.51M,-2.989M,-2.989M,317.90M,292.29M,127.14M,147.38M,348.71M,147.06M,-6.459M,271.33M,820.40M,198.02M,3.779B,6.344B,1.493M,1.798B,2.026B,2.560B,4.547B,534.18M,480.13M,39.38M,817.84M
SNPS,2018-10,-113.18M,723.12M,190.58M,343.77M,1.153B,1.71,1.66,3.504B,0,604.50M,2018-10,122.41M,254.33M,-2.662M,-2.662M,309.31M,329.02M,125.54M,72.55M,605.78M,52.25M,-202.08M,290.88M,795.08M,230.37M,3.479B,6.146B,1.493M,1.544B,2.102B,2.661B,4.602B,558.54M,531.95M,112.50M,630.74M
SNPS,2018-07,-94.65M,741.24M,185.38M,497.81M,1.130B,0.53,0.52,3.533B,838.05M,594.33M,2018-07,61.88M,79.41M,-3.462M,-3.462M,290.45M,334.82M,123.75M,63.99M,455.95M,71.89M,-7.516M,277.40M,779.71M,242.29M,3.158B,5.795B,1.486M,1.466B,2.083B,2.631B,4.330B,547.81M,530.34M,56.38M,545.71M
SNPS,2018-04,-62.39M,570.80M,178.78M,396.85M,1.102B,0.69,0.67,3.569B,763.08M,598.06M,2018-04,0,102.47M,-2.953M,-2.953M,283.78M,332.91M,127.50M,129.19M,383.19M,119.30M,16.83M,252.13M,776.84M,206.00M,3.256B,5.699B,1.49M,1.370B,1.882B,2.439B,4.329B,556.75M,468.87M,52.73M,615.28M
SNPS,2018-01,-37.19M,605.89M,181.16M,440.88M,1.121B,-0.02,-0.02,3.565B,0,588.27M,2018-01,0,-3.691M,-1.207M,-1.207M,284.44M,340.34M,131.25M,107.44M,388.23M,120.10M,123.79M,264.41M,769.43M,206.88M,3.137B,5.718B,1.49M,1.332B,1.950B,2.577B,4.385B,626.50M,480.83M,80.96M,543.63M
SNPS,2017-10,-65.98M,1.048B,166.86M,9.924M,1.065B,-0.8,-0.8,2.961B,0,529.78M,2017-10,0,-120.08M,0.678M,0.678M,266.01M,280.79M,134.06M,97.26M,539.66M,99.93M,220.01M,244.52M,696.64M,180.20M,3.276B,5.396B,1.505M,1.683B,1.614B,2.117B,3.714B,502.58M,432.52M,59.76M,499.40M
SNPS,2017-07,-67.66M,1.302B,169.55M,298.02M,1.047B,0.78,0.75,2.909B,0,525.84M,2017-07,0,116.75M,-0.305M,-0.305M,262.02M,274.01M,137.81M,111.40M,419.57M,112.79M,-3.96M,228.66M,695.38M,177.87M,3.423B,5.679B,1.503M,1.895B,1.764B,2.256B,3.784B,491.37M,414.44M,36.14M,467.01M
SNPS,2017-04,-79.25M,1.132B,162.03M,278.00M,952.05M,0.35,0.34,2.936B,0,518.04M,2017-04,0,53.31M,-0.361M,-0.361M,259.48M,265.91M,139.69M,66.51M,363.30M,62.02M,8.714M,223.02M,680.07M,220.65M,3.377B,5.467B,1.506M,1.682B,1.593B,2.089B,3.785B,495.72M,451.53M,45.33M,429.28M
SNPS,2017-01,-98.99M,966.36M,155.75M,177.04M,1.019B,0.57,0.56,2.954B,0,497.04M,2017-01,0,86.59M,-0.075M,-0.075M,256.81M,252.35M,142.50M,108.98M,260.68M,108.36M,21.77M,212.65M,652.79M,167.38M,3.325B,5.264B,1.505M,1.484B,1.457B,1.940B,3.780B,483.01M,388.06M,260.68M,386.58M
SNPS,2016-10,-104.58M,1.117B,142.21M,205.00M,1.086B,0.48,0.47,2.785B,0,491.51M,2016-10,0,72.70M,0.174M,0.174M,257.04M,243.04M,0,89.40M,424.14M,82.75M,10.06M,221.95M,633.72M,173.66M,3.195B,5.240B,1.515M,1.717B,1.715B,2.045B,3.523B,330.27M,402.10M,36.44M,494.96M
SNPS,2016-07,-109.56M,1.090B,139.68M,277.50M,1.009B,0.43,0.42,2.811B,0,475.53M,2016-07,0,64.72M,-0.177M,-0.177M,258.79M,242.22M,0,76.72M,377.03M,85.23M,20.51M,221.87M,615.20M,169.88M,3.121B,5.109B,1.514M,1.552B,1.664B,1.988B,3.557B,324.45M,398.80M,55.64M,368.53M
SNPS,2016-04,-103.06M,959.92M,131.63M,250.00M,926.36M,0.46,0.45,2.821B,0,473.38M,2016-04,0,69.38M,0.041M,0.041M,258.86M,248.56M,0,87.70M,308.85M,97.22M,27.85M,216.17M,605.00M,162.48M,3.150B,4.965B,1.523M,1.403B,1.485B,1.815B,3.562B,330.05M,385.68M,53.74M,347.47M
SNPS,2016-01,-128.80M,705.93M,129.44M,227.50M,934.52M,0.39,0.39,2.810B,717.13M,439.16M,2016-01,0,60.04M,-0.093M,-0.093M,261.24M,246.04M,22.50M,73.20M,271.26M,64.34M,4.307M,196.70M,568.60M,162.32M,2.990B,4.748B,1.515M,1.201B,1.433B,1.757B,3.547B,323.86M,365.96M,36.55M,403.32M
SNPS,2015-10,-105.38M,964.94M,139.84M,205.00M,968.25M,0.32,0.31,2.835B,686.84M,447.32M,2015-10,0,49.76M,-0.212M,-0.212M,263.08M,252.08M,30.00M,57.56M,405.11M,55.92M,6.156M,208.30M,587.16M,174.51M,3.134B,5.046B,1.552M,1.469B,1.578B,1.912B,3.577B,333.40M,389.76M,29.48M,432.43M
SNPS,2015-07,-95.86M,1.123B,129.47M,190.00M,912.77M,0.36,0.35,2.654B,589.71M,426.33M,2015-07,0,55.39M,-0.059M,-0.059M,260.67M,251.66M,37.50M,61.23M,356.58M,65.19M,9.806M,198.00M,555.80M,160.91M,3.138B,4.954B,1.559M,1.628B,1.459B,1.816B,3.326B,356.38M,365.10M,44.44M,344.17M
SNPS,2015-04,-88.53M,1.005B,124.97M,190.00M,827.58M,0.36,0.35,2.555B,0,432.23M,2015-04,0,55.60M,-0.252M,-0.252M,258.20M,256.34M,45.00M,75.93M,307.46M,83.88M,28.29M,188.32M,557.20M,161.55M,3.065B,4.756B,1.551M,1.545B,1.325B,1.691B,3.211B,366.13M,356.30M,33.22M,371.41M
SNPS,2015-01,-97.24M,917.06M,124.63M,265.00M,823.74M,0.42,0.41,2.578B,0,417.41M,2015-01,0,65.19M,0.495M,0.495M,256.09M,249.47M,52.50M,86.84M,254.36M,76.62M,11.43M,181.61M,542.04M,142.52M,2.937B,4.662B,1.535M,1.416B,1.343B,1.725B,3.246B,382.22M,330.58M,40.26M,311.10M
SNPS,2014-10,-62.09M,985.76M,121.42M,30.00M,928.24M,0.4,0.39,2.621B,0,417.59M,2014-10,0,62.46M,0.086M,0.086M,249.10M,223.15M,60.00M,57.50M,428.52M,62.13M,-0.327M,190.37M,539.01M,163.20M,3.056B,4.775B,1.56M,1.505B,1.387B,1.719B,3.271B,332.57M,360.09M,59.56M,353.22M
SNPS,2014-07,-41.51M,903.05M,115.53M,30.00M,857.53M,0.42,0.42,2.628B,0,406.28M,2014-07,0,65.66M,-0.421M,-0.421M,216.01M,209.24M,67.50M,67.23M,339.75M,70.77M,5.115M,182.81M,521.81M,149.71M,2.996B,4.545B,1.556M,1.315B,1.227B,1.549B,3.230B,321.59M,339.06M,35.34M,257.41M
SNPS,2014-04,-39.85M,821.63M,114.08M,230.00M,781.27M,0.41,0.4,2.653B,0,403.61M,2014-04,0,63.32M,-0.268M,-0.268M,202.86M,209.94M,75.00M,63.83M,293.46M,68.06M,4.742M,178.04M,517.70M,155.36M,2.919B,4.561B,1.547M,1.328B,1.305B,1.641B,3.232B,336.68M,339.78M,31.23M,340.85M
SNPS,2014-01,-46.42M,893.05M,105.85M,30.00M,778.08M,0.44,0.43,2.275B,0,373.10M,2014-01,0,67.70M,0.01M,0.01M,197.34M,188.63M,0,60.16M,228.62M,71.18M,3.488M,167.54M,478.95M,140.02M,2.823B,4.192B,1.541M,1.321B,1.037B,1.369B,2.871B,332.24M,312.95M,19.30M,265.92M
SNPS,2013-10,-28.70M,1.022B,119.11M,30.00M,827.55M,0.37,0.36,2.311B,0,385.77M,2013-10,0,56.89M,-0.043M,-0.043M,197.60M,181.36M,0,51.01M,365.36M,59.06M,2.167M,175.06M,504.88M,154.00M,2.788B,4.359B,1.542M,1.448B,1.223B,1.571B,2.911B,347.74M,334.75M,15.74M,274.30M
SNPS,2013-07,-40.17M,892.37M,115.65M,30.00M,804.39M,0.34,0.33,2.341B,541.35M,367.30M,2013-07,0,52.30M,-0.103M,-0.103M,194.20M,187.47M,82.50M,55.00M,337.29M,58.17M,5.875M,166.67M,482.94M,139.89M,2.736B,4.288B,1.543M,1.330B,1.172B,1.552B,2.958B,380.66M,312.30M,32.38M,297.23M
SNPS,2013-04,-28.01M,681.02M,107.73M,30.00M,691.88M,0.45,0.44,2.377B,472.98M,391.52M,2013-04,0,68.69M,0.472M,0.472M,195.32M,178.53M,90.00M,79.50M,291.04M,86.71M,18.02M,169.96M,499.26M,136.18M,2.699B,4.099B,1.535M,1.106B,1.013B,1.400B,2.993B,387.03M,312.02M,37.47M,271.86M
SNPS,2013-01,-16.20M,550.36M,111.06M,30.00M,757.87M,0.46,0.45,2.402B,0,364.07M,2013-01,0,69.92M,-0.129M,-0.129M,193.05M,185.70M,97.50M,60.98M,234.14M,71.73M,1.808M,157.51M,475.14M,139.70M,2.602B,4.021B,1.519M,999.78M,1.022B,1.418B,3.021B,396.38M,303.09M,24.97M,293.08M
SNPS,2012-10,-15.46M,700.38M,102.52M,30.00M,834.86M,0.19,0.18,2.443B,0,351.69M,2012-10,0,29.08M,-0.212M,-0.212M,191.24M,167.83M,105.00M,39.49M,387.78M,42.73M,13.65M,153.57M,454.21M,153.29M,2.502B,4.148B,1.509M,1.141B,1.253B,1.604B,3.007B,351.05M,312.20M,34.54M,309.94M
SNPS,2012-07,-31.72M,963.77M,99.79M,30.00M,798.14M,0.51,0.5,1.990B,0,343.96M,2012-07,0,75.66M,-0.413M,-0.413M,165.91M,57.94M,112.50M,63.40M,80.49M,61.08M,-14.57M,143.96M,443.75M,131.77M,2.391B,3.869B,1.486M,1.294B,1.138B,1.478B,2.576B,339.96M,280.56M,28.90M,228.63M
SNPS,2012-04,-22.64M,796.59M,100.51M,130.00M,676.07M,0.14,0.14,1.995B,0,332.06M,2012-04,0,20.97M,-0.26M,-0.26M,157.79M,158.02M,120.00M,17.14M,80.30M,23.49M,2.518M,151.23M,432.56M,158.78M,2.290B,3.744B,1.47M,1.174B,1.073B,1.455B,2.571B,381.29M,314.92M,36.24M,265.17M
SNPS,2012-01,-24.16M,943.49M,89.85M,0,652.66M,0.39,0.39,1.477B,0,335.64M,2012-01,0,56.69M,0.461M,0.461M,157.22M,70.13M,0,70.00M,68.69M,73.83M,17.14M,132.88M,425.50M,129.24M,2.172B,3.299B,1.439M,1.290B,863.83M,1.127B,2.009B,263.37M,265.64M,15.88M,236.13M
SNPS,2011-10,-20.94M,1.004B,85.38M,0,703.56M,0.28,0.27,1.485B,0,305.15M,2011-10,0,39.94M,0.33M,0.33M,159.52M,56.21M,0,56.32M,68.07M,53.56M,13.61M,125.42M,390.53M,119.87M,2.101B,3.369B,1.433M,1.338B,1.010B,1.268B,2.031B,257.22M,248.83M,11.54M,228.67M
SNPS,2011-07,-1.54M,1.038B,84.73M,0,694.54M,0.36,0.35,1.462B,0,302.06M,2011-07,0,52.08M,0.521M,0.521M,159.06M,59.14M,0,58.18M,287.55M,55.97M,3.885M,122.55M,386.80M,117.78M,2.122B,3.369B,1.437M,1.362B,982.09M,1.247B,2.006B,265.04M,243.88M,287.55M,196.86M
SNPS,2011-04,0.629M,840.46M,86.03M,0,578.58M,0.55,0.53,1.477B,0,307.64M,2011-04,0,81.11M,0.552M,0.552M,150.37M,46.93M,0,51.68M,78.14M,57.26M,-23.86M,123.17M,393.67M,129.03M,2.147B,3.209B,1.465M,1.207B,807.84M,1.062B,2.003B,254.24M,255.96M,18.38M,238.76M
