Ticker,Date,Accrued Comprehensive Inc,Cash and Short Term Investments,Cost of Goods Sold,Current Debt & Capital Lease Obligation,Current Deferred Liabilities,EPS Basic,EPS Diluted,Goodwill and Intangibles,Gross PP&E,Gross Profit,Income (Quarterly),Inventories,Net Income,Net Non-Operating Interest Income Expense,Net Operating Interest Income,Net PP&E,Non-Current Deferred Liabilities,Non-Current Portion of LTD and Capital Lease Obligation,Operating Income,Payables and Accrued Expenses,Pre-Tax Income,Provision for Income Taxes,Revenue,SG&A Expense,Shareholders Equity,Total Assets,Total Capital Stock,Total Current Assets,Total Current Liabilities,Total Liabilities,Total Long Term Assets,Total Long Term Liabilities,Total Operating Expenses,Total Payables,Total Receivables
SO,2020-12,-395.00M,1.065B,3.037B,4.357B,487.00M,0.37,0.37,5.767B,122.79B,2.08B,2020-12,2.488B,391.00M,-478.00M,-478.00M,90.39B,16.66B,46.68B,703.00M,4.148B,307.00M,-50.00M,5.117B,0,28.26B,122.94B,5.559B,8.617B,12.08B,90.41B,114.32B,78.33B,1.377B,3.635B,3.335B
SO,2020-09,-344.00M,3.379B,2.592B,4.784B,496.00M,1.18,1.18,5.779B,121.34B,3.028B,2020-09,2.476B,1.255B,-443.00M,-443.00M,89.24B,16.93B,47.15B,1.835B,3.523B,1.576B,293.00M,5.62B,0,28.58B,123.16B,5.558B,10.57B,11.75B,90.37B,112.58B,78.62B,1.193B,3.102B,3.016B
SO,2020-06,-363.00M,1.879B,2.242B,3.016B,490.00M,0.58,0.58,5.791B,119.31B,2.378B,2020-06,2.381B,616.00M,-444.00M,-444.00M,87.83B,17.06B,46.75B,1.058B,3.114B,626.00M,5.00M,4.62B,0,27.96B,119.73B,5.557B,9.069B,9.334B,87.48B,110.66B,78.14B,1.32B,2.615B,2.899B
SO,2020-03,-367.00M,2.164B,2.607B,3.749B,491.00M,0.82,0.81,5.803B,118.12B,2.411B,2020-03,2.215B,872.00M,-456.00M,-456.00M,86.94B,17.32B,45.84B,1.224B,2.728B,986.00M,145.00M,5.018B,0,28.02B,118.85B,5.557B,9.43B,9.553B,86.64B,109.42B,77.09B,1.187B,2.314B,2.923B
SO,2019-12,-321.00M,1.975B,3.185B,5.273B,496.00M,0.4179,0.4179,5.816B,116.82B,1.729B,2019-12,2.388B,445.00M,-442.00M,-442.00M,86.06B,16.87B,43.41B,659.00M,3.69B,335.00M,-74.00M,4.914B,0,27.80B,118.70B,5.548B,9.817B,12.55B,86.65B,108.88B,74.10B,1.07B,3.216B,3.409B
SO,2019-09,-279.00M,2.931B,2.815B,4.084B,494.00M,1.26,1.25,5.83B,115.19B,3.18B,2019-09,2.324B,1.32B,-434.00M,-434.00M,84.72B,16.96B,43.70B,2.117B,3.52B,1.712B,367.00M,5.995B,0,27.80B,117.59B,5.525B,9.917B,10.53B,85.51B,107.67B,74.98B,1.063B,3.134B,3.385B
SO,2019-06,-238.00M,1.383B,2.71B,4.774B,489.00M,0.86,0.85,5.832B,115.05B,2.388B,2019-06,2.143B,902.00M,-429.00M,-429.00M,84.35B,16.78B,41.38B,1.334B,3.498B,1.076B,145.00M,5.098B,0,27.19B,114.87B,5.508B,8.352B,11.00B,83.44B,106.52B,72.45B,1.054B,3.043B,3.373B
SO,2019-03,-203.00M,1.361B,3.138B,3.792B,483.00M,2.01,1.99,5.869B,115.52B,2.274B,2019-03,2.093B,2.088B,-430.00M,-430.00M,84.69B,17.11B,42.18B,1.194B,3.652B,3.419B,1.36B,5.412B,0,26.73B,114.10B,5.483B,8.709B,9.919B,83.12B,105.39B,73.20B,1.08B,3.24B,3.689B
SO,2018-12,-203.00M,1.396B,3.647B,6.113B,522.00M,0.2689,0.2689,5.928B,112.90B,1.69B,2018-12,2.394B,282.00M,-456.00M,-456.00M,81.86B,15.86B,40.74B,617.00M,4.564B,120.00M,-149.00M,5.337B,0,25.01B,116.91B,5.455B,9.583B,14.29B,87.58B,107.33B,73.30B,1.073B,4.092B,4.059B
SO,2018-09,-177.00M,1.847B,3.195B,5.577B,524.00M,1.14,1.13,5.989B,110.22B,2.964B,2018-09,2.294B,1.168B,-458.00M,-458.00M,79.48B,15.52B,41.42B,1.857B,4.249B,1.845B,623.00M,6.159B,0,25.20B,111.72B,5.464B,9.384B,12.96B,83.33B,102.33B,70.36B,1.107B,3.827B,3.728B
SO,2018-06,-188.00M,1.98B,3.369B,7.218B,488.00M,-0.15,-0.15,6.017B,108.48B,2.258B,2018-06,2.151B,-150.00M,-470.00M,-470.00M,78.23B,15.46B,42.48B,99.00M,3.66B,-266.00M,-139.00M,5.627B,0,23.96B,112.78B,5.39B,11.62B,14.37B,85.76B,101.16B,71.40B,2.159B,3.191B,3.686B
SO,2018-03,-200.00M,2.284B,3.828B,7.506B,530.00M,0.93,0.92,7.074B,113.90B,2.544B,2018-03,2.23B,942.00M,-458.00M,-458.00M,81.98B,17.13B,44.45B,1.376B,3.326B,1.049B,113.00M,6.372B,0,25.00B,111.57B,5.378B,9.524B,13.63B,85.22B,102.04B,71.59B,1.168B,2.894B,3.713B
SO,2017-12,-189.00M,2.13B,3.62B,6.331B,542.00M,0.4923,0.4923,7.141B,112.35B,2.008B,2017-12,2.627B,501.00M,-446.00M,-446.00M,80.90B,17.06B,44.46B,718.00M,4.20B,324.00M,-175.00M,5.628B,0,24.49B,111.00B,5.362B,10.07B,13.59B,85.15B,100.93B,71.56B,1.29B,3.712B,4.048B
SO,2017-09,-182.00M,1.841B,3.106B,6.084B,550.00M,1.07,1.06,7.169B,111.93B,3.095B,2017-09,2.701B,1.079B,-407.00M,-407.00M,80.76B,17.66B,44.04B,1.991B,4.113B,1.699B,590.00M,6.201B,0,24.90B,110.32B,5.841B,9.202B,12.60B,84.02B,101.11B,71.41B,1.104B,3.67B,3.501B
SO,2017-06,-191.00M,1.433B,3.005B,6.305B,546.00M,-1.38,-1.38,7.20B,110.36B,2.425B,2017-06,2.562B,-1.37B,-424.00M,-424.00M,79.70B,16.85B,43.88B,-1.649B,3.577B,-1.935B,-587.00M,5.43B,0,23.95B,108.68B,5.577B,8.837B,12.75B,83.32B,99.85B,70.57B,4.074B,3.069B,3.706B
SO,2017-03,-189.00M,1.094B,3.365B,6.087B,541.00M,0.66,0.66,7.186B,111.21B,2.406B,2017-03,2.51B,669.00M,-416.00M,-416.00M,80.88B,17.66B,42.79B,1.252B,3.258B,980.00M,315.00M,5.771B,0,25.82B,109.76B,5.70B,8.427B,12.28B,82.65B,101.33B,70.36B,1.154B,2.805B,3.613B
SO,2016-12,-180.00M,1.975B,3.541B,4.828B,558.00M,0.199,0.199,7.221B,109.34B,1.64B,2016-12,2.782B,208.00M,-404.00M,-404.00M,79.49B,17.42B,42.63B,445.00M,4.692B,239.00M,34.00M,5.181B,0,25.48B,109.70B,5.679B,9.722B,12.92B,82.97B,99.98B,70.05B,1.195B,4.174B,3.79B
SO,2016-09,-225.00M,2.669B,3.255B,3.924B,577.00M,1.18,1.17,7.165B,106.16B,3.009B,2016-09,2.559B,1.15B,-374.00M,-374.00M,76.57B,16.78B,41.55B,1.917B,3.691B,1.616B,439.00M,6.264B,0,25.27B,106.36B,5.627B,9.658B,10.57B,80.06B,96.70B,69.50B,1.092B,3.281B,3.211B
SO,2016-06,-247.00M,1.897B,2.369B,4.096B,408.00M,0.67,0.66,754.00M,89.66B,2.09B,2016-06,2.008B,635.00M,-293.00M,-293.00M,64.89B,14.90B,35.37B,1.185B,2.193B,908.00M,261.00M,4.459B,0,22.74B,90.87B,5.435B,15.15B,8.514B,67.31B,75.72B,58.80B,905.00M,1.904B,2.116B
SO,2016-03,-244.00M,754.00M,2.202B,3.587B,406.00M,0.53,0.53,0,88.37B,1.79B,2016-03,1.922B,500.00M,-246.00M,-246.00M,63.80B,14.56B,26.09B,940.00M,2.093B,718.00M,217.00M,3.992B,0,21.52B,78.74B,5.331B,5.461B,7.856B,56.43B,73.27B,48.58B,850.00M,1.838B,1.634B
SO,2015-12,-130.00M,1.404B,2.052B,4.05B,404.00M,0.2973,0.2973,319.00M,86.28B,1.516B,2015-12,1.929B,283.00M,-228.00M,-228.00M,62.03B,14.41B,24.69B,578.00M,2.647B,415.00M,118.00M,3.568B,0,21.32B,78.32B,5.299B,6.526B,9.129B,56.22B,71.79B,47.09B,938.00M,2.398B,2.047B
SO,2015-09,-136.00M,1.109B,2.81B,4.803B,400.00M,1.05,1.05,0,83.67B,2.591B,2015-09,1.737B,970.00M,-218.00M,-218.00M,59.48B,13.78B,22.33B,1.649B,2.612B,1.47B,500.00M,5.401B,0,21.39B,75.22B,5.285B,6.27B,9.689B,53.17B,68.94B,43.48B,942.00M,2.389B,2.275B
SO,2015-06,-121.00M,813.00M,2.471B,4.70B,398.00M,0.69,0.69,0,81.91B,1.866B,2015-06,1.838B,643.00M,-180.00M,-180.00M,57.99B,14.66B,22.67B,1.098B,2.039B,945.00M,302.00M,4.337B,0,20.91B,74.18B,5.282B,6.605B,8.694B,52.92B,67.58B,44.22B,768.00M,1.798B,2.256B
SO,2015-03,-143.00M,1.112B,2.478B,4.985B,395.00M,0.56,0.56,0,80.74B,1.705B,2015-03,1.905B,525.00M,-213.00M,-213.00M,56.43B,13.71B,21.09B,957.00M,2.021B,799.00M,274.00M,4.183B,0,21.15B,71.61B,5.686B,6.372B,9.185B,50.24B,65.24B,41.06B,748.00M,1.735B,1.872B
SO,2014-12,-128.00M,710.00M,2.726B,4.132B,390.00M,0.3303,0.3303,0,79.87B,1.291B,2014-12,1.969B,300.00M,-212.00M,-212.00M,55.81B,13.07B,20.64B,561.00M,2.524B,388.00M,88.00M,4.017B,0,21.08B,70.23B,5.67B,5.864B,8.961B,48.93B,64.37B,39.97B,730.00M,2.229B,1.947B
SO,2014-09,-70.00M,1.414B,2.871B,2.759B,386.00M,0.8,0.8,0,77.94B,2.468B,2014-09,1.835B,735.00M,-207.00M,-207.00M,54.09B,12.56B,21.70B,1.278B,2.447B,1.127B,392.00M,5.339B,0,20.99B,67.65B,5.631B,6.258B,6.89B,46.67B,61.40B,39.78B,1.19B,2.177B,2.258B
SO,2014-06,-71.00M,583.00M,2.614B,2.402B,386.00M,0.68,0.68,0,77.16B,1.853B,2014-06,1.901B,628.00M,-210.00M,-210.00M,53.67B,12.42B,22.12B,1.103B,2.037B,949.00M,321.00M,4.467B,0,20.56B,66.40B,5.611B,5.376B,5.974B,45.84B,61.02B,39.87B,750.00M,1.769B,2.119B
SO,2014-03,-73.00M,590.00M,2.82B,1.366B,384.00M,0.39,0.39,0,75.80B,1.824B,2014-03,1.861B,368.00M,-206.00M,-206.00M,52.47B,12.28B,22.29B,700.00M,1.996B,544.00M,176.00M,4.644B,0,20.20B,64.84B,5.598B,5.14B,4.835B,44.64B,59.70B,39.80B,1.124B,1.743B,1.806B
SO,2013-12,-75.00M,659.00M,2.385B,1.951B,380.00M,0.4666,0.4666,0,75.15B,1.542B,2013-12,2.298B,431.00M,-177.00M,-177.00M,52.09B,12.32B,21.34B,799.00M,2.096B,623.00M,192.00M,3.927B,0,20.14B,64.55B,5.592B,5.614B,5.525B,44.41B,58.93B,38.88B,743.00M,1.845B,1.819B
SO,2013-09,-111.00M,682.00M,2.653B,2.057B,377.00M,0.97,0.97,0,73.90B,2.364B,2013-09,2.308B,869.00M,-202.00M,-202.00M,51.08B,11.86B,21.05B,1.491B,2.142B,1.337B,468.00M,5.017B,0,19.91B,64.70B,5.578B,5.785B,5.704B,44.79B,58.91B,39.08B,873.00M,1.88B,2.06B
SO,2013-06,-114.00M,424.00M,2.448B,3.672B,378.00M,0.34,0.34,0,72.72B,1.798B,2013-06,2.573B,313.00M,-215.00M,-215.00M,50.19B,11.59B,19.94B,640.00M,2.16B,471.00M,158.00M,4.246B,0,19.17B,63.96B,5.548B,6.001B,7.346B,44.79B,57.96B,37.44B,1.158B,1.909B,1.966B
SO,2013-03,-119.00M,515.00M,2.331B,3.063B,376.00M,0.09,0.09,0,71.77B,1.566B,2013-03,2.723B,97.00M,-211.00M,-211.00M,49.55B,11.63B,20.22B,325.00M,1.864B,128.00M,31.00M,3.897B,0,19.12B,63.27B,5.482B,5.932B,6.439B,44.16B,57.34B,37.72B,1.241B,1.615B,1.635B
SO,2012-12,-123.00M,628.00M,2.194B,3.16B,370.00M,0.4412,0.4412,0,71.24B,1.509B,2012-12,2.819B,399.00M,-170.00M,-170.00M,49.28B,11.71B,19.27B,833.00M,2.025B,635.00M,236.00M,3.703B,0,19.38B,63.15B,5.471B,6.162B,7.014B,43.77B,56.99B,36.76B,676.00M,1.788B,1.649B
SO,2012-09,-112.00M,1.256B,2.623B,2.768B,366.00M,1.11,1.11,0,69.18B,2.426B,2012-09,2.53B,993.00M,-218.00M,-218.00M,47.27B,11.33B,18.96B,1.74B,2.29B,1.562B,569.00M,5.049B,0,19.35B,61.96B,5.093B,6.696B,6.569B,42.62B,55.27B,36.05B,686.00M,1.835B,2.007B
SO,2012-06,-112.00M,659.00M,2.384B,2.528B,363.00M,0.71,0.71,0,68.13B,1.797B,2012-06,2.591B,639.00M,-220.00M,-220.00M,46.51B,10.86B,19.46B,1.124B,2.054B,968.00M,329.00M,4.181B,0,18.83B,60.90B,5.084B,6.373B,6.088B,42.07B,54.52B,35.98B,673.00M,1.613B,1.899B
SO,2012-03,-105.00M,1.044B,2.172B,2.91B,358.00M,0.42,0.42,0,67.13B,1.432B,2012-03,2.483B,384.00M,-211.00M,-211.00M,45.80B,10.45B,19.05B,766.00M,1.976B,584.00M,200.00M,3.604B,0,18.41B,59.87B,5.053B,6.041B,6.317B,41.47B,53.83B,35.15B,666.00M,1.523B,1.496B
SO,2011-12,-111.00M,1.315B,5.291B,2.576B,347.00M,0.3,0.29,0,67.08B,-1.595B,2011-12,2.27B,277.00M,-198.00M,-198.00M,45.92B,10.16B,18.65B,589.00M,2.217B,373.00M,96.00M,3.696B,0,18.66B,59.27B,5.41B,6.272B,6.577B,40.61B,53.00B,34.03B,-2.184B,1.991B,1.849B
SO,2011-09,-81.00M,1.516B,2.123B,2.028B,340.00M,1.07,1.06,0,64.63B,3.305B,2011-09,1.93B,933.00M,-217.00M,-217.00M,43.74B,9.898B,18.73B,1.652B,2.317B,1.476B,543.00M,5.428B,0,18.34B,57.34B,5.019B,6.495B,5.657B,39.00B,50.85B,33.35B,1.653B,1.881B,2.07B
SO,2011-06,-62.00M,437.00M,1.818B,2.211B,337.00M,0.71,0.7,0,63.87B,2.703B,2011-06,2.067B,620.00M,-199.00M,-199.00M,43.21B,9.34B,18.55B,1.136B,2.259B,969.00M,349.00M,4.521B,0,17.69B,56.02B,4.998B,5.502B,5.699B,38.33B,50.52B,32.64B,1.567B,1.836B,2.021B
SO,2011-03,-66.00M,410.00M,1.576B,2.678B,333.00M,0.5,0.49,0,63.02B,2.436B,2011-03,2.178B,438.00M,-222.00M,-222.00M,42.63B,8.939B,18.13B,854.00M,2.152B,669.00M,231.00M,4.012B,0,17.17B,55.02B,4.955B,5.24B,6.037B,37.85B,49.78B,31.81B,1.582B,1.703B,1.588B
