Ticker,Date,Accrued Comprehensive Inc,Cash and Short Term Investments,Cost of Goods Sold,Current Debt & Capital Lease Obligation,EPS Basic,EPS Diluted,Goodwill and Intangibles,Gross PP&E,Gross Profit,Income (Quarterly),Net Income,Net Non-Operating Interest Income Expense,Net Operating Interest Income,Net PP&E,Non-Current Portion of LTD and Capital Lease Obligation,Operating Income,Payables and Accrued Expenses,Pre-Tax Income,Provision for Income Taxes,Revenue,SG&A Expense,Shareholders Equity,Total Assets,Total Capital Stock,Total Current Assets,Total Current Liabilities,Total Liabilities,Total Long Term Assets,Total Long Term Liabilities,Total Operating Expenses,Total Payables,Total Receivables
SPG,2020-12,-188.68M,1.012B,215.12M,623.02M,0.86,0.86,55.06M,512.91M,916.31M,2020-12,272.32M,-197.86M,-197.86M,512.91M,26.62B,462.05M,3.376B,311.15M,-1.572M,1.131B,43.01M,3.039B,34.79B,42.12M,2.714B,3.999B,31.31B,32.07B,27.32B,454.26M,3.376B,1.237B
SPG,2020-09,-180.47M,1.082B,222.52M,1.327B,0.48,0.48,95.85M,515.00M,838.16M,2020-09,146.76M,-201.86M,-201.86M,515.00M,25.66B,404.02M,3.323B,171.42M,2.779M,1.061B,17.77M,1.753B,31.66B,42.20M,2.535B,3.323B,29.65B,29.13B,26.32B,434.13M,3.323B,1.452B
SPG,2020-06,-155.13M,3.306B,201.92M,758.68M,0.83,0.83,150.74M,517.06M,860.12M,2020-06,255.05M,-197.06M,-197.06M,517.06M,27.79B,450.87M,3.252B,290.49M,-0.062M,1.062B,19.98M,2.029B,34.03B,42.29M,4.764B,3.252B,31.69B,29.26B,28.44B,409.25M,3.252B,1.458B
SPG,2020-03,-119.30M,3.725B,247.60M,0,1.43,1.43,0,519.18M,1.106B,2020-03,438.44M,-187.63M,-187.63M,519.18M,28.07B,654.87M,2.866B,499.62M,-5.783M,1.353B,40.42M,2.182B,34.12B,42.37M,4.518B,2.866B,31.61B,29.60B,28.74B,450.89M,2.866B,793.49M
SPG,2019-12,-118.60M,669.37M,259.08M,0,1.66,1.66,0,514.66M,1.230B,2019-12,511.03M,-189.81M,-189.81M,514.66M,23.35B,776.88M,2.957B,597.16M,6.745M,1.489B,48.55M,2.526B,31.23B,42.45M,1.994B,4.284B,28.32B,29.24B,24.04B,452.66M,2.957B,832.15M
SPG,2019-09,-121.60M,3.647B,263.74M,0,1.77,1.77,0,0,1.153B,2019-09,545.09M,-202.38M,-202.38M,0,26.64B,705.30M,2.892B,634.92M,6.197M,1.417B,44.62M,2.673B,33.84B,42.53M,4.423B,2.892B,30.76B,29.42B,27.87B,447.51M,2.892B,775.62M
SPG,2019-06,-128.74M,479.78M,243.88M,0,1.6,1.6,0,0,1.153B,2019-06,496.16M,-198.42M,-198.42M,0,23.32B,680.63M,2.795B,579.11M,7.01M,1.397B,45.78M,2.920B,30.73B,42.62M,1.216B,2.795B,27.37B,29.52B,24.57B,472.67M,2.795B,736.36M
SPG,2019-03,-120.96M,436.80M,254.93M,0,1.78,1.78,0,0,1.198B,2019-03,549.31M,-198.73M,-198.73M,0,23.19B,745.02M,2.717B,642.05M,10.10M,1.453B,46.26M,3.213B,30.84B,42.70M,1.170B,2.717B,27.14B,29.67B,24.42B,452.88M,2.717B,733.16M
SPG,2018-12,-126.02M,514.34M,254.09M,0,2.3,2.3,0,0,1.208B,2018-12,713.63M,-204.34M,-204.34M,0,22.55B,770.51M,2.853B,843.62M,10.42M,1.462B,54.09M,3.297B,30.69B,42.78M,1.795B,3.612B,26.89B,28.89B,23.28B,437.43M,2.853B,763.82M
SPG,2018-09,-118.59M,695.72M,261.97M,0,1.8,1.8,0,0,1.142B,2018-09,557.10M,-199.47M,-199.47M,0,23.68B,722.84M,2.803B,652.33M,10.12M,1.404B,48.86M,3.384B,31.08B,42.86M,1.418B,2.803B,27.18B,29.66B,24.38B,419.21M,2.803B,722.73M
SPG,2018-06,-115.28M,714.25M,236.59M,978.47M,1.77,1.77,208.56M,0,1.148B,2018-06,547.84M,-206.62M,-206.62M,0,23.51B,727.98M,2.762B,641.55M,10.14M,1.385B,47.40M,3.371B,30.84B,42.94M,1.396B,2.762B,26.96B,29.45B,24.20B,420.48M,2.762B,681.55M
SPG,2018-03,-102.75M,367.21M,255.32M,953.66M,2,2,285.14M,0,1.139B,2018-03,621.49M,-205.49M,-205.49M,0,23.65B,701.93M,2.603B,721.74M,6.22M,1.394B,47.43M,3.506B,31.02B,43.03M,1.053B,2.603B,26.98B,29.96B,24.38B,436.93M,2.603B,686.16M
SPG,2017-12,-110.45M,1.482B,245.17M,0,1.84,1.84,0,0,1.171B,2017-12,571.95M,-204.98M,-204.98M,0,23.65B,749.45M,2.676B,666.18M,6.362M,1.416B,54.30M,3.686B,32.26B,43.11M,2.809B,3.654B,28.02B,29.45B,24.36B,421.76M,2.676B,742.67M
SPG,2017-09,-111.04M,508.40M,256.11M,0,1.65,1.65,0,0,1.148B,2017-09,514.62M,-199.03M,-199.03M,0,23.41B,690.07M,2.679B,607.15M,14.51M,1.404B,49.02M,3.685B,31.03B,43.19M,1.195B,2.679B,26.79B,29.84B,24.11B,457.46M,2.679B,686.62M
SPG,2017-06,-103.87M,488.61M,242.49M,0,1.23,1.23,0,0,1.119B,2017-06,382.82M,-207.17M,-207.17M,0,23.42B,686.15M,2.576B,447.36M,5.99M,1.362B,49.57M,3.727B,30.97B,43.27M,1.129B,2.576B,26.67B,29.84B,24.10B,432.91M,2.576B,640.08M
SPG,2017-03,-100.84M,513.40M,236.31M,0,1.53,1.53,0,0,1.109B,2017-03,478.57M,-198.20M,-198.20M,0,23.15B,676.67M,2.441B,547.55M,-3.521M,1.346B,49.95M,4.107B,30.95B,43.36M,1.135B,2.441B,26.22B,29.81B,23.78B,432.78M,2.441B,621.60M
SPG,2016-12,-114.13M,560.06M,242.49M,0,1.26,1.26,0,0,1.183B,2016-12,395.26M,-209.51M,-209.51M,0,22.02B,700.50M,2.574B,456.66M,1.052M,1.426B,58.84M,4.310B,31.10B,43.44M,1.676B,3.527B,26.14B,29.43B,22.62B,482.98M,2.574B,664.62M
SPG,2016-09,-115.83M,814.75M,255.00M,0,1.61,1.61,0,0,1.102B,2016-09,505.58M,-214.86M,-214.86M,0,23.08B,676.19M,2.611B,594.26M,6.325M,1.357B,50.85M,4.629B,31.67B,43.52M,1.441B,2.611B,26.34B,30.23B,23.73B,425.97M,2.611B,626.42M
SPG,2016-06,-119.92M,884.28M,235.10M,0,1.45,1.45,0,0,1.080B,2016-06,456.22M,-214.00M,-214.00M,0,22.92B,659.24M,2.612B,534.44M,7.115M,1.315B,48.30M,4.621B,31.38B,43.60M,1.485B,2.612B,26.06B,29.89B,23.45B,421.04M,2.612B,600.82M
SPG,2016-03,-117.72M,805.08M,238.55M,0,1.55,1.55,0,0,1.098B,2016-03,481.83M,-219.19M,-219.19M,0,22.98B,684.90M,2.539B,579.02M,15.19M,1.337B,49.90M,4.591B,31.40B,43.68M,1.378B,2.539B,26.04B,30.02B,23.50B,413.27M,2.539B,573.26M
SPG,2015-12,-252.69M,701.13M,243.66M,878.66M,1.27,1.27,275.68M,0,1.137B,2015-12,393.13M,-230.90M,-230.90M,0,21.54B,709.73M,2.692B,466.65M,6.73M,1.381B,51.27M,4.471B,30.57B,43.76M,1.711B,3.571B,25.35B,28.85B,21.78B,427.24M,2.692B,624.60M
SPG,2015-09,-248.37M,856.86M,251.15M,409.18M,1.36,1.36,311.79M,0,1.069B,2015-09,420.84M,-229.65M,-229.65M,0,22.63B,657.59M,2.673B,496.15M,3.658M,1.320B,53.59M,4.392B,30.64B,43.85M,1.421B,2.673B,25.52B,29.22B,22.85B,411.40M,2.673B,564.34M
SPG,2015-06,-246.58M,565.66M,229.00M,0,1.52,1.52,376.36M,0,1.120B,2015-06,473.78M,-230.97M,-230.97M,0,22.07B,702.38M,2.559B,557.95M,3.42M,1.349B,56.56M,4.443B,30.08B,43.93M,1.103B,2.559B,24.90B,28.98B,22.34B,417.72M,2.559B,537.17M
SPG,2015-03,-151.83M,833.73M,236.38M,0,1.73,1.73,0,0,979.86M,2015-03,539.97M,-232.17M,-232.17M,0,21.69B,599.17M,2.495B,638.80M,6.362M,1.216B,33.76M,4.936B,30.28B,44.01M,1.357B,2.495B,24.51B,28.92B,22.02B,380.68M,2.495B,523.73M
SPG,2014-12,-61.04M,612.28M,224.59M,0,1.3,1.3,0,0,1.073B,2014-12,405.88M,-233.66M,-233.66M,0,20.44B,655.29M,2.427B,484.00M,8.007M,1.297B,52.64M,5.093B,29.53B,44.09M,1.565B,2.836B,23.58B,27.97B,20.74B,417.24M,2.427B,580.20M
SPG,2014-09,-125.41M,818.00M,225.52M,0,0.81,0.81,0,0,1.009B,2014-09,252.80M,-249.78M,-249.78M,0,21.20B,607.56M,2.318B,303.55M,6.589M,1.235B,52.75M,5.021B,29.67B,44.18M,1.335B,2.318B,23.81B,28.34B,21.49B,401.62M,2.318B,516.86M
SPG,2014-06,-61.74M,1.666B,213.68M,0,1.31,1.31,0,0,968.30M,2014-06,407.42M,-254.93M,-254.93M,0,21.90B,561.53M,2.264B,496.24M,6.626M,1.182B,53.75M,5.233B,30.59B,44.26M,2.154B,2.264B,24.47B,28.43B,22.21B,406.77M,2.264B,487.84M
SPG,2014-03,-67.58M,1.013B,219.02M,0,1.1,1.1,0,0,938.00M,2014-03,342.48M,-254.23M,-254.23M,0,23.19B,560.96M,2.398B,366.46M,6.863M,1.157B,37.47M,5.874B,32.76B,44.34M,1.544B,2.398B,25.89B,31.21B,23.49B,377.04M,2.398B,530.48M
SPG,2013-12,-75.80M,1.691B,218.94M,0,1.23,1.229,0,0,1.032B,2013-12,382.39M,-273.85M,-273.85M,0,22.67B,627.77M,2.273B,410.10M,9.765M,1.251B,58.09M,5.849B,33.32B,44.42M,2.693B,2.273B,26.50B,30.63B,24.23B,404.45M,2.273B,520.36M
SPG,2013-09,-76.70M,1.099B,214.74M,0,1,1,0,0,932.14M,2013-09,312.51M,-270.70M,-270.70M,0,22.73B,548.48M,2.170B,336.41M,7.70M,1.147B,43.00M,5.829B,32.11B,44.50M,1.629B,2.170B,25.31B,30.48B,23.14B,383.66M,2.170B,529.89M
SPG,2013-06,-102.33M,1.096B,204.64M,0,1.1,1.096,507.13M,34.37B,880.35M,2013-06,340.77M,-266.23M,-266.23M,25.27B,22.69B,509.94M,2.109B,368.09M,8.959M,1.085B,42.97M,5.835B,32.02B,44.58M,1.587B,2.109B,25.21B,30.43B,23.10B,370.41M,2.109B,491.39M
SPG,2013-03,-82.73M,829.97M,249.34M,0,0.91,0.91,296.15M,34.06B,965.72M,2013-03,283.97M,-285.03M,-285.03M,25.24B,22.57B,557.69M,2.057B,347.66M,13.19M,1.215B,35.77M,5.846B,31.89B,44.67M,1.284B,2.057B,25.06B,30.60B,23.01B,408.03M,2.057B,454.11M
SPG,2012-12,-90.90M,1.185B,57.21M,0,1.01,1.01,0,33.92B,663.30M,2012-12,316.22M,-232.65M,-232.65M,25.34B,23.11B,393.80M,2.099B,219.95M,5.843M,720.50M,46.40M,5.911B,32.59B,44.75M,2.165B,2.099B,25.69B,30.42B,23.59B,269.49M,2.099B,521.30M
SPG,2012-09,-64.78M,452.71M,264.63M,0,0.84,0.84,0,28.76B,963.99M,2012-09,255.76M,-288.90M,-288.90M,20.52B,23.30B,564.95M,1.204B,310.28M,3.904M,1.229B,42.28M,5.842B,31.98B,44.83M,909.11M,1.204B,25.16B,31.07B,23.95B,399.04M,1.128B,456.40M
SPG,2012-06,-81.66M,638.50M,249.46M,0,0.71,0.71,0,27.50B,938.61M,2012-06,216.28M,-288.56M,-288.56M,19.40B,23.20B,524.33M,1.169B,264.90M,3.963M,1.188B,43.28M,5.945B,31.99B,44.91M,1.062B,1.169B,24.86B,30.92B,23.69B,414.28M,1.787B,423.92M
SPG,2012-03,-23.72M,880.55M,229.08M,0,2.18,2.18,0,27.52B,889.89M,2012-03,646.24M,-258.08M,-258.08M,19.65B,23.51B,516.72M,1.351B,783.83M,2.003M,1.119B,34.99M,6.078B,32.42B,45.00M,1.298B,1.351B,25.12B,31.12B,23.77B,373.16M,1.151B,417.08M
SPG,2011-12,-94.26M,798.65M,588.81M,0,1.24,1.24,0,0,582.53M,2011-12,363.76M,-246.51M,-246.51M,0,18.45B,541.09M,1.787B,450.82M,8.889M,1.171B,-121.90M,4.650B,26.22B,45.08M,2.280B,1.787B,20.67B,23.94B,18.89B,41.44M,1.049B,1.138B
SPG,2011-09,-102.00M,575.82M,122.45M,0,0.93,0.93,0,0,951.91M,2011-09,274.83M,-244.38M,-244.38M,0,18.48B,483.60M,1.413B,334.64M,0.86M,1.074B,95.74M,4.641B,25.58B,45.16M,1.641B,1.413B,20.06B,23.93B,18.65B,468.32M,1.014B,1.065B
SPG,2011-06,45.85M,789.71M,109.02M,0,0.7,0.7,0,0,931.84M,2011-06,205.96M,-244.52M,-244.52M,0,17.62B,467.57M,1.254B,236.88M,0.703M,1.041B,90.04M,4.795B,24.53B,45.24M,1.823B,1.254B,18.96B,22.71B,17.71B,464.26M,0,1.033B
SPG,2011-03,20.48M,636.05M,99.54M,0,0.61,0.61,0,0,920.33M,2011-03,180.25M,-248.12M,-248.12M,0,17.69B,450.89M,1.232B,221.39M,1.142M,1.020B,89.45M,4.789B,24.57B,45.32M,1.660B,1.232B,19.01B,22.91B,17.78B,469.44M,0,1.024B
