Ticker,Date,Accrued Comprehensive Inc,Cash and Short Term Investments,Cost of Goods Sold,Current Debt & Capital Lease Obligation,Current Deferred Liabilities,EPS Basic,EPS Diluted,Goodwill and Intangibles,Gross PP&E,Gross Profit,Income (Quarterly),Inventories,Net Income,Net Non-Operating Interest Income Expense,Net Operating Interest Income,Net PP&E,Non-Current Deferred Liabilities,Non-Current Portion of LTD and Capital Lease Obligation,Operating Income,Payables and Accrued Expenses,Pre-Tax Income,Provision for Income Taxes,Revenue,SG&A Expense,Shareholders Equity,Total Assets,Total Capital Stock,Total Current Assets,Total Current Liabilities,Total Liabilities,Total Long Term Assets,Total Long Term Liabilities,Total Operating Expenses,Total Payables,Total Receivables
SRE,2020-12,-500.00M,960.00M,1.735B,2.425B,172.00M,1.43,1.43,1.804B,54.47B,1.436B,2020-12,308.00M,461.00M,-242.00M,-242.00M,40.55B,4.99B,21.78B,866.00M,2.109B,428.00M,189.00M,3.171B,0,23.39B,66.62B,10.20B,4.511B,6.839B,41.69B,62.11B,34.85B,570.00M,2.109B,2.114B
SRE,2020-09,-513.00M,3.515B,1.677B,3.662B,0,1.21,1.21,1.807B,52.99B,967.00M,2020-09,309.00M,399.00M,-237.00M,-237.00M,39.35B,4.864B,21.77B,410.00M,1.861B,201.00M,99.00M,2.644B,0,23.25B,67.22B,10.18B,6.394B,7.635B,42.37B,60.83B,34.73B,557.00M,1.861B,1.683B
SRE,2020-06,-542.00M,4.894B,1.34B,5.428B,0,7.64,7.61,1.81B,51.92B,1.186B,2020-06,267.00M,2.277B,-241.00M,-241.00M,38.52B,4.75B,20.54B,653.00M,1.995B,463.00M,168.00M,2.526B,0,23.63B,68.38B,10.64B,7.64B,9.595B,43.00B,60.74B,33.40B,533.00M,1.995B,1.64B
SRE,2020-03,-1.19B,2.247B,1.576B,7.821B,0,2.6,2.53,1.813B,50.78B,1.453B,2020-03,217.00M,796.00M,-251.00M,-251.00M,37.66B,4.623B,20.20B,904.00M,1.757B,397.00M,-207.00M,3.029B,0,20.14B,68.29B,9.73B,5.424B,12.18B,46.18B,62.87B,34.00B,549.00M,1.757B,1.775B
SRE,2019-12,-939.00M,108.00M,1.639B,5.031B,0,1.57,1.55,1.815B,49.92B,1.304B,2019-12,277.00M,482.00M,-252.00M,-252.00M,37.04B,4.639B,20.78B,782.00M,1.933B,499.00M,165.00M,2.943B,0,19.95B,65.66B,9.738B,3.339B,9.15B,43.86B,62.33B,34.71B,522.00M,1.933B,1.86B
SRE,2019-09,-978.00M,106.00M,1.471B,5.211B,0,2.93,2.84,1.818B,48.73B,1.287B,2019-09,270.00M,849.00M,-253.00M,-253.00M,36.12B,4.431B,21.00B,758.00M,1.658B,448.00M,61.00M,2.758B,0,18.64B,64.58B,8.632B,3.666B,9.498B,44.03B,60.92B,34.54B,529.00M,1.658B,1.991B
SRE,2019-06,-848.00M,168.00M,1.30B,4.551B,0,1.29,1.26,1.821B,48.51B,930.00M,2019-06,214.00M,390.00M,-231.00M,-231.00M,35.88B,4.588B,21.20B,429.00M,1.699B,286.00M,47.00M,2.23B,0,17.46B,62.73B,7.863B,2.783B,8.177B,43.29B,59.94B,35.12B,501.00M,1.699B,1.371B
SRE,2019-03,-817.00M,78.00M,1.727B,4.675B,0,1.6,1.59,1.824B,47.72B,1.171B,2019-03,189.00M,477.00M,-240.00M,-240.00M,35.31B,4.594B,19.74B,658.00M,1.661B,501.00M,42.00M,2.898B,0,17.37B,61.62B,7.826B,3.262B,8.612B,42.15B,58.36B,33.54B,513.00M,1.661B,1.713B
SRE,2018-12,-764.00M,102.00M,1.721B,3.668B,0,3.15,3.03,1.826B,46.62B,1.105B,2018-12,258.00M,900.00M,-211.00M,-211.00M,34.44B,3.838B,20.90B,609.00M,1.788B,959.00M,172.00M,2.826B,0,17.16B,60.64B,7.798B,3.645B,7.523B,41.39B,56.99B,33.87B,496.00M,1.788B,1.632B
SRE,2018-09,-612.00M,212.00M,1.612B,4.361B,0,1,0.99,2.592B,47.73B,953.00M,2018-09,345.00M,310.00M,-202.00M,-202.00M,35.50B,3.519B,21.34B,456.00M,1.877B,345.00M,139.00M,2.565B,0,16.64B,60.60B,7.744B,5.045B,8.491B,41.49B,55.56B,33.00B,497.00M,1.877B,1.805B
SRE,2018-06,-601.00M,252.00M,1.311B,4.816B,175.00M,-2.11,-2.11,2.592B,46.90B,864.00M,2018-06,288.00M,-535.00M,-209.00M,-209.00M,34.92B,3.377B,21.28B,383.00M,1.716B,-1.183B,-602.00M,2.175B,0,15.85B,59.91B,6.972B,4.947B,8.602B,41.54B,54.96B,32.94B,481.00M,1.716B,1.577B
SRE,2018-03,-545.00M,239.00M,1.429B,5.536B,164.00M,1.34,1.33,3.002B,48.86B,1.107B,2018-03,285.00M,375.00M,-177.00M,-177.00M,37.02B,3.976B,20.86B,618.00M,1.705B,593.00M,242.00M,2.536B,0,15.86B,60.48B,6.129B,3.394B,9.109B,42.18B,57.09B,33.07B,489.00M,1.705B,1.862B
SRE,2017-12,-626.00M,288.00M,631.00M,2.967B,149.00M,-1.99,-1.99,2.993B,48.11B,766.00M,2017-12,307.00M,-501.00M,-131.00M,-131.00M,36.50B,4.397B,16.44B,325.00M,1.872B,94.00M,560.00M,1.397B,0,12.69B,50.45B,3.149B,3.341B,6.635B,35.31B,47.11B,28.68B,441.00M,1.872B,1.731B
SRE,2017-09,-678.00M,189.00M,1.717B,3.921B,158.00M,0.23,0.22,2.93B,46.72B,962.00M,2017-09,296.00M,57.00M,-152.00M,-152.00M,35.38B,5.835B,14.80B,470.00M,1.729B,5.00M,-84.00M,2.679B,0,13.28B,50.13B,3.088B,2.878B,7.194B,34.63B,47.25B,27.43B,492.00M,1.729B,1.536B
SRE,2017-06,-718.00M,223.00M,1.553B,3.113B,160.00M,1.03,1.03,2.92B,45.70B,980.00M,2017-06,239.00M,260.00M,-151.00M,-151.00M,34.56B,5.923B,15.00B,511.00M,1.517B,397.00M,167.00M,2.533B,0,13.35B,49.38B,3.046B,2.767B,6.063B,33.77B,46.61B,27.71B,469.00M,1.517B,1.44B
SRE,2017-03,-696.00M,290.00M,1.82B,2.893B,158.00M,1.76,1.75,2.924B,44.40B,1.211B,2017-03,210.00M,441.00M,-161.00M,-161.00M,33.49B,5.723B,14.41B,741.00M,1.487B,752.00M,295.00M,3.031B,0,13.28B,48.28B,3.008B,2.953B,5.812B,32.72B,45.33B,26.90B,470.00M,1.487B,1.557B
SRE,2016-12,-748.00M,349.00M,1.833B,2.692B,153.00M,1.51,1.51,2.912B,43.62B,1.037B,2016-12,258.00M,379.00M,-125.00M,-125.00M,32.93B,5.098B,14.43B,584.00M,1.806B,499.00M,105.00M,2.87B,0,12.97B,47.79B,2.982B,3.11B,5.927B,32.54B,44.68B,26.62B,453.00M,1.806B,1.623B
SRE,2016-09,-865.00M,518.00M,1.642B,3.773B,150.00M,2.48,2.46,2.547B,41.94B,893.00M,2016-09,302.00M,622.00M,-128.00M,-128.00M,31.49B,5.021B,13.52B,457.00M,1.664B,982.00M,282.00M,2.535B,0,12.37B,45.53B,2.684B,2.924B,6.794B,32.34B,42.60B,25.54B,436.00M,1.664B,1.269B
SRE,2016-06,-852.00M,616.00M,1.738B,2.684B,147.00M,0.06,0.06,1.185B,39.76B,418.00M,2016-06,270.00M,17.00M,-135.00M,-135.00M,29.50B,4.639B,13.18B,8.00M,1.563B,-112.00M,-106.00M,2.156B,0,11.80B,42.88B,2.681B,3.341B,5.68B,30.31B,39.53B,24.63B,410.00M,1.563B,1.176B
SRE,2016-03,-821.00M,376.00M,1.618B,2.243B,0,1.41,1.4,1.251B,38.54B,1.004B,2016-03,231.00M,353.00M,-135.00M,-135.00M,28.43B,4.59B,12.98B,565.00M,1.53B,455.00M,108.00M,2.622B,0,11.97B,41.84B,2.642B,2.883B,5.132B,29.11B,38.95B,23.98B,439.00M,1.53B,1.333B
SRE,2015-12,-806.00M,403.00M,1.763B,1.529B,153.00M,1.48,1.47,1.223B,38.20B,938.00M,2015-12,298.00M,369.00M,-139.00M,-139.00M,28.04B,4.514B,13.13B,504.00M,1.592B,432.00M,65.00M,2.701B,0,11.83B,41.15B,2.621B,2.891B,4.612B,28.57B,38.26B,23.96B,434.00M,1.592B,1.509B
SRE,2015-09,-761.00M,697.00M,1.693B,2.265B,152.00M,1,0.99,1.254B,37.28B,788.00M,2015-09,416.00M,248.00M,-136.00M,-136.00M,27.31B,4.328B,12.53B,362.00M,1.577B,270.00M,15.00M,2.481B,0,11.64B,40.57B,2.587B,3.606B,5.118B,28.17B,36.96B,23.05B,426.00M,1.577B,1.225B
SRE,2015-06,-596.00M,636.00M,1.565B,2.011B,150.00M,1.19,1.17,1.295B,36.52B,802.00M,2015-06,266.00M,296.00M,-128.00M,-128.00M,26.69B,4.276B,12.63B,399.00M,1.314B,396.00M,98.00M,2.367B,0,11.70B,40.01B,2.555B,3.506B,4.399B,27.53B,36.50B,23.13B,403.00M,1.314B,1.258B
SRE,2015-03,-613.00M,377.00M,1.618B,1.272B,155.00M,1.76,1.74,1.315B,35.90B,1.064B,2015-03,255.00M,437.00M,-126.00M,-126.00M,26.24B,4.316B,13.01B,654.00M,1.388B,606.00M,163.00M,2.682B,0,11.52B,39.55B,2.514B,3.656B,3.77B,27.27B,35.90B,23.50B,410.00M,1.388B,1.314B
SRE,2014-12,-497.00M,570.00M,1.94B,2.202B,153.00M,1.21,1.18,1.346B,35.41B,807.00M,2014-12,396.00M,297.00M,-128.00M,-128.00M,25.90B,4.288B,12.09B,410.00M,1.637B,314.00M,9.00M,2.747B,0,11.35B,39.65B,2.484B,4.184B,5.069B,27.55B,35.47B,22.48B,397.00M,1.637B,1.477B
SRE,2014-09,-371.00M,667.00M,1.904B,1.497B,149.00M,1.41,1.39,1.369B,35.83B,911.00M,2014-09,472.00M,348.00M,-136.00M,-136.00M,26.41B,4.449B,12.44B,515.00M,1.609B,447.00M,71.00M,2.815B,0,11.35B,38.98B,2.499B,4.414B,4.292B,26.82B,34.57B,22.53B,396.00M,1.609B,1.358B
SRE,2014-06,-273.00M,789.00M,1.863B,1.433B,149.00M,1.1,1.08,1.421B,35.23B,815.00M,2014-06,267.00M,270.00M,-131.00M,-131.00M,26.01B,4.389B,12.32B,435.00M,1.431B,376.00M,93.00M,2.678B,0,11.21B,38.31B,2.448B,4.195B,3.882B,26.26B,34.11B,22.37B,380.00M,1.431B,1.365B
SRE,2014-03,-273.00M,844.00M,1.982B,1.181B,155.00M,1.01,0.99,1.422B,34.46B,813.00M,2014-03,197.00M,247.00M,-131.00M,-131.00M,25.45B,4.352B,11.70B,422.00M,1.522B,387.00M,127.00M,2.795B,0,11.06B,37.48B,2.401B,4.224B,3.875B,25.60B,33.26B,21.72B,391.00M,1.522B,1.495B
SRE,2013-12,-228.00M,904.00M,1.912B,1.692B,154.00M,1.15,1.12,1.45B,34.41B,793.00M,2013-12,287.00M,282.00M,-139.00M,-139.00M,25.46B,4.17B,11.25B,417.00M,1.486B,348.00M,39.00M,2.705B,0,11.03B,37.24B,2.409B,3.997B,4.369B,25.39B,33.25B,21.02B,376.00M,1.486B,1.611B
SRE,2013-09,-215.00M,1.061B,1.663B,1.963B,155.00M,1.21,1.19,1.473B,33.57B,888.00M,2013-09,463.00M,301.00M,-131.00M,-131.00M,24.76B,3.776B,10.48B,506.00M,1.304B,432.00M,117.00M,2.551B,0,10.93B,36.90B,2.424B,3.712B,4.53B,25.15B,33.19B,20.62B,382.00M,1.304B,1.308B
SRE,2013-06,-219.00M,954.00M,1.725B,2.05B,142.00M,1,0.98,1.473B,33.73B,926.00M,2013-06,357.00M,246.00M,-133.00M,-133.00M,25.17B,3.639B,10.53B,598.00M,1.344B,298.00M,32.00M,2.651B,0,10.80B,37.02B,2.445B,3.661B,4.725B,25.39B,33.36B,20.67B,328.00M,1.344B,1.454B
SRE,2013-03,-377.00M,1.471B,1.886B,2.143B,142.00M,0.73,0.72,1.547B,34.01B,764.00M,2013-03,270.00M,180.00M,-131.00M,-131.00M,25.46B,3.46B,10.68B,363.00M,1.313B,352.00M,178.00M,2.65B,0,10.52B,37.27B,2.413B,4.123B,5.189B,25.93B,33.15B,20.74B,401.00M,1.313B,1.638B
SRE,2012-12,-376.00M,475.00M,1.937B,1.271B,143.00M,1.21,1.17,1.547B,33.53B,731.00M,2012-12,408.00M,294.00M,-131.00M,-131.00M,25.19B,3.397B,11.62B,349.00M,1.376B,309.00M,11.00M,2.668B,0,10.38B,36.50B,2.296B,3.695B,4.258B,25.74B,32.80B,21.48B,382.00M,1.376B,1.613B
SRE,2012-09,-389.00M,530.00M,1.638B,1.293B,305.00M,1.11,1.09,1.55B,33.25B,869.00M,2012-09,398.00M,270.00M,-121.00M,-121.00M,24.99B,2.83B,11.19B,500.00M,1.405B,329.00M,49.00M,2.507B,0,10.08B,35.39B,0,3.078B,4.349B,24.89B,32.31B,20.54B,369.00M,1.405B,1.453B
SRE,2012-06,-456.00M,221.00M,1.419B,1.411B,308.00M,0.26,0.25,1.508B,32.65B,670.00M,2012-06,249.00M,63.00M,-109.00M,-109.00M,24.60B,2.651B,10.32B,325.00M,1.268B,-52.00M,-118.00M,2.089B,0,9.879B,34.20B,0,2.04B,4.434B,23.91B,32.16B,19.48B,345.00M,1.268B,1.022B
SRE,2012-03,-418.00M,404.00M,1.652B,1.139B,320.00M,0.98,0.97,1.514B,32.00B,731.00M,2012-03,222.00M,238.00M,-107.00M,-107.00M,24.08B,2.654B,10.18B,378.00M,1.363B,357.00M,117.00M,2.383B,0,9.952B,34.04B,0,2.298B,4.48B,23.68B,31.75B,19.20B,353.00M,1.363B,1.244B
SRE,2011-12,-491.00M,252.00M,3.811B,785.00M,315.00M,1.19,1.19,1.484B,31.19B,-1.207B,2011-12,346.00M,293.00M,-114.00M,-114.00M,23.46B,2.485B,10.08B,465.00M,1.331B,406.00M,105.00M,2.604B,0,9.874B,33.25B,2.183B,2.332B,4.152B,22.99B,30.92B,18.84B,-1.672B,1.331B,1.355B
SRE,2011-09,-503.00M,657.00M,1.05B,778.00M,231.00M,1.21,1.2,1.461B,30.13B,1.526B,2011-09,369.00M,289.00M,-112.00M,-112.00M,22.70B,2.859B,10.03B,500.00M,1.269B,388.00M,75.00M,2.576B,0,9.63B,32.62B,0,2.938B,3.995B,22.63B,29.68B,18.64B,1.026B,1.269B,1.398B
SRE,2011-06,-358.00M,392.00M,1.044B,597.00M,166.00M,2.1,2.09,1.509B,29.40B,1.378B,2011-06,211.00M,503.00M,-106.00M,-106.00M,22.16B,2.88B,9.648B,377.00M,1.132B,586.00M,100.00M,2.422B,0,9.579B,31.84B,0,2.551B,3.575B,21.86B,29.28B,18.29B,1.001B,1.132B,1.419B
SRE,2011-03,-332.00M,1.219B,1.066B,655.00M,131.00M,1.06,1.05,537.00M,27.56B,1.368B,2011-03,176.00M,254.00M,-105.00M,-105.00M,20.20B,2.717B,9.174B,404.00M,997.00M,343.00M,114.00M,2.434B,0,9.186B,30.70B,2.052B,3.426B,3.654B,21.29B,27.27B,17.64B,964.00M,997.00M,1.336B
