Ticker,Date,Accrued Comprehensive Inc,Cash and Short Term Investments,Cost of Goods Sold,Current Debt & Capital Lease Obligation,Current Deferred Liabilities,EPS Basic,EPS Diluted,Goodwill and Intangibles,Gross PP&E,Gross Profit,Income (Quarterly),Inventories,Net Income,Net Non-Operating Interest Income Expense,Net Operating Interest Income,Net PP&E,Non-Current Deferred Liabilities,Non-Current Portion of LTD and Capital Lease Obligation,Operating Income,Payables and Accrued Expenses,Pre-Tax Income,Provision for Income Taxes,Research and Development Expense,Revenue,SG&A Expense,Shareholders Equity,Total Assets,Total Capital Stock,Total Current Assets,Total Current Liabilities,Total Liabilities,Total Long Term Assets,Total Long Term Liabilities,Total Operating Expenses,Total Payables,Total Receivables
STX,2021-03,-36.00M,1.212B,1.991B,245.00M,0,1.41,1.39,1.272B,10.34B,740.00M,2021-03,1.281B,329.00M,-58.00M,-58.00M,2.215B,0,4.897B,384.00M,2.57B,339.00M,10.00M,227.00M,2.731B,126.00M,484.00M,8.604B,6.855B,3.692B,2.993B,8.12B,4.912B,5.127B,356.00M,1.861B,978.00M
STX,2020-12,-46.00M,1.799B,1.927B,25.00M,0,1.12,1.12,1.277B,10.28B,696.00M,2020-12,1.318B,280.00M,-52.00M,-52.00M,2.218B,0,5.12B,350.00M,2.39B,291.00M,11.00M,221.00M,2.623B,122.00M,990.00M,8.986B,6.814B,4.081B,2.621B,7.996B,4.905B,5.375B,346.00M,1.891B,801.00M
STX,2020-09,-66.00M,1.664B,1.718B,25.00M,0,0.87,0.86,1.282B,10.32B,596.00M,2020-09,1.323B,223.00M,-49.00M,-49.00M,2.167B,0,4.138B,252.00M,2.462B,221.00M,-2.00M,223.00M,2.314B,118.00M,1.821B,8.862B,0,3.994B,2.644B,7.041B,4.868B,4.397B,344.00M,1.962B,866.00M
STX,2020-06,-67.00M,1.722B,1.85B,33.00M,0,0.65,0.64,1.295B,10.28B,667.00M,2020-06,1.142B,166.00M,-48.00M,-48.00M,2.232B,0,4.205B,330.00M,2.465B,160.00M,-6.00M,222.00M,2.517B,112.00M,1.787B,8.93B,6.725B,4.114B,2.722B,7.143B,4.816B,4.421B,337.00M,1.975B,1.115B
STX,2020-03,-33.00M,1.614B,1.972B,12.00M,0,1.23,1.22,1.307B,10.10B,746.00M,2020-03,1.102B,320.00M,-45.00M,-45.00M,2.20B,0,4.142B,378.00M,2.523B,338.00M,18.00M,246.00M,2.718B,119.00M,1.792B,8.829B,6.667B,4.015B,2.69B,7.037B,4.814B,4.347B,368.00M,1.998B,1.16B
STX,2019-12,-40.00M,1.744B,1.938B,6.00M,0,1.21,1.2,1.32B,9.994B,758.00M,2019-12,1.148B,318.00M,-44.00M,-44.00M,2.049B,0,4.135B,384.00M,2.503B,336.00M,18.00M,250.00M,2.696B,120.00M,1.83B,8.932B,6.61B,4.152B,2.70B,7.102B,4.78B,4.402B,374.00M,2.04B,1.112B
STX,2019-09,-34.00M,1.786B,1.907B,0,0,0.75,0.74,1.334B,9.835B,671.00M,2019-09,1.041B,200.00M,-44.00M,-44.00M,1.991B,0,4.14B,290.00M,2.40B,198.00M,-2.00M,255.00M,2.578B,122.00M,1.77B,8.738B,0,4.031B,2.549B,6.968B,4.707B,4.419B,381.00M,1.915B,1.065B
STX,2019-06,-21.00M,2.22B,1.747B,0,0,3.57,3.54,1.348B,9.736B,624.00M,2019-06,970.00M,983.00M,-38.00M,-38.00M,1.869B,0,4.253B,269.00M,2.063B,291.00M,-692.00M,241.00M,2.371B,108.00M,2.162B,8.885B,6.518B,4.363B,2.232B,6.723B,4.522B,4.491B,355.00M,1.59B,989.00M
STX,2019-03,-21.00M,1.388B,1.712B,0,0,0.69,0.69,1.366B,9.689B,601.00M,2019-03,1.001B,195.00M,-34.00M,-34.00M,1.822B,0,4.522B,247.00M,2.001B,215.00M,20.00M,238.00M,2.313B,110.00M,1.689B,8.596B,6.457B,3.487B,2.146B,6.907B,5.109B,4.761B,354.00M,1.31B,897.00M
STX,2018-12,0,1.357B,1.921B,0,0,1.35,1.34,1.386B,0,794.00M,2018-12,1.097B,384.00M,-34.00M,-34.00M,1.823B,0,4.324B,423.00M,2.136B,398.00M,14.00M,246.00M,2.715B,120.00M,1.934B,8.789B,0,3.676B,2.30B,6.855B,5.113B,4.555B,371.00M,1.62B,1.058B
STX,2018-09,-12.00M,1.942B,2.078B,499.00M,0,1.57,1.54,1.406B,9.586B,913.00M,2018-09,1.116B,450.00M,-34.00M,-34.00M,1.789B,0,4.322B,526.00M,2.502B,468.00M,18.00M,266.00M,2.991B,115.00M,1.846B,9.578B,6.427B,4.523B,3.175B,7.732B,5.055B,4.557B,387.00M,1.956B,1.202B
STX,2018-06,-16.00M,1.857B,1.931B,499.00M,0,1.61,1.57,1.425B,9.525B,904.00M,2018-06,1.053B,461.00M,-39.00M,-39.00M,1.792B,0,4.32B,499.00M,2.438B,466.00M,5.00M,259.00M,2.835B,140.00M,1.665B,9.41B,0,4.31B,3.19B,7.745B,5.10B,4.555B,405.00M,1.909B,1.184B
STX,2018-03,-8.00M,2.926B,1.956B,503.00M,0,1.33,1.31,1.442B,9.436B,847.00M,2018-03,1.002B,381.00M,-50.00M,-50.00M,1.72B,0,4.319B,452.00M,2.364B,393.00M,12.00M,254.00M,2.803B,135.00M,1.364B,9.012B,6.347B,5.247B,3.055B,7.648B,3.765B,4.593B,395.00M,1.645B,1.076B
STX,2017-12,-11.00M,2.556B,2.037B,560.00M,0,0.55,0.55,1.46B,9.422B,877.00M,2017-12,1.014B,159.00M,-55.00M,-55.00M,1.762B,0,4.316B,466.00M,2.37B,371.00M,212.00M,250.00M,2.914B,142.00M,1.061B,8.75B,6.246B,4.91B,3.113B,7.689B,3.84B,4.576B,411.00M,1.799B,1.055B
STX,2017-09,-13.00M,2.285B,1.896B,158.00M,0,0.62,0.62,1.492B,9.529B,736.00M,2017-09,1.014B,181.00M,-54.00M,-54.00M,1.817B,0,5.002B,306.00M,2.308B,188.00M,7.00M,263.00M,2.632B,145.00M,1.242B,8.956B,6.213B,4.824B,2.458B,7.714B,4.132B,5.256B,430.00M,1.539B,1.209B
STX,2017-06,-17.00M,2.539B,1.74B,0,0,0.39,0.38,1.519B,9.633B,666.00M,2017-06,982.00M,114.00M,-57.00M,-57.00M,1.875B,0,5.021B,210.00M,2.389B,120.00M,6.00M,288.00M,2.406B,149.00M,1.364B,9.268B,0,5.041B,2.626B,7.904B,4.227B,5.278B,456.00M,1.81B,1.199B
STX,2017-03,-27.00M,3.026B,1.858B,0,0,0.66,0.65,1.56B,9.709B,816.00M,2017-03,1.038B,194.00M,-55.00M,-55.00M,1.911B,0,5.073B,314.00M,2.386B,212.00M,18.00M,324.00M,2.674B,150.00M,1.608B,9.739B,6.122B,5.46B,2.789B,8.131B,4.279B,5.342B,502.00M,1.778B,1.156B
STX,2016-12,-33.00M,1.716B,2.003B,0,0,1,1,1.601B,9.799B,891.00M,2016-12,1.008B,297.00M,-49.00M,-49.00M,2.012B,0,4.093B,403.00M,2.427B,310.00M,13.00M,305.00M,2.894B,155.00M,1.523B,8.561B,6.049B,4.14B,2.681B,7.038B,4.421B,4.357B,488.00M,1.817B,1.211B
STX,2016-09,-24.00M,1.494B,1.996B,0,0,0.56,0.55,1.643B,9.898B,801.00M,2016-09,914.00M,167.00M,-49.00M,-49.00M,2.093B,0,4.092B,303.00M,2.392B,173.00M,6.00M,315.00M,2.797B,155.00M,1.524B,8.495B,6.004B,3.928B,2.608B,6.971B,4.567B,4.363B,498.00M,1.568B,1.307B
STX,2016-06,-25.00M,1.131B,1.992B,0,0,0.23,0.23,1.685B,9.884B,662.00M,2016-06,868.00M,70.00M,-50.00M,-50.00M,2.16B,0,4.091B,182.00M,2.065B,53.00M,-17.00M,307.00M,2.654B,144.00M,1.593B,8.213B,0,3.533B,2.249B,6.62B,4.68B,4.371B,480.00M,1.517B,1.318B
STX,2016-03,-28.00M,1.199B,2.071B,474.00M,0,-0.07,-0.07,1.73B,9.808B,524.00M,2016-03,928.00M,-21.00M,-46.00M,-46.00M,2.165B,0,4.13B,47.00M,2.089B,9.00M,30.00M,298.00M,2.595B,150.00M,1.683B,8.374B,5.903B,3.60B,2.259B,6.691B,4.774B,4.432B,477.00M,1.504B,1.25B
STX,2015-12,-32.00M,1.264B,2.245B,0,0,0.55,0.55,1.773B,9.845B,741.00M,2015-12,1.046B,165.00M,-47.00M,-47.00M,2.23B,0,4.14B,246.00M,2.364B,180.00M,15.00M,304.00M,2.986B,160.00M,1.821B,8.796B,5.836B,3.931B,2.539B,6.975B,4.865B,4.436B,495.00M,1.759B,1.398B
STX,2015-09,-30.00M,1.921B,2.236B,0,0,0.11,0.11,1.203B,9.746B,689.00M,2015-09,1.098B,34.00M,-46.00M,-46.00M,2.247B,0,4.14B,145.00M,2.522B,31.00M,-3.00M,328.00M,2.925B,182.00M,1.922B,9.079B,5.803B,4.882B,2.718B,7.157B,4.197B,4.439B,544.00M,1.89B,1.522B
STX,2015-06,-30.00M,2.485B,2.152B,0,0,0.44,0.43,1.244B,9.63B,776.00M,2015-06,993.00M,137.00M,-53.00M,-53.00M,2.278B,0,4.155B,215.00M,2.087B,149.00M,12.00M,324.00M,2.928B,203.00M,3.018B,9.845B,0,5.568B,2.343B,6.827B,4.277B,4.484B,561.00M,1.54B,1.801B
STX,2015-03,-33.00M,2.61B,2.375B,0,0,0.9,0.88,1.281B,9.403B,955.00M,2015-03,1.083B,291.00M,-47.00M,-47.00M,2.182B,0,3.457B,357.00M,2.313B,304.00M,13.00M,346.00M,3.33B,219.00M,3.191B,10.04B,5.696B,5.831B,3.043B,6.845B,4.205B,3.802B,598.00M,1.683B,1.769B
STX,2014-12,-25.00M,3.302B,2.669B,0,0,2.84,2.78,1.321B,9.263B,1.027B,2014-12,1.129B,933.00M,-49.00M,-49.00M,2.155B,0,3.932B,436.00M,2.547B,1.126B,193.00M,341.00M,3.696B,218.00M,3.715B,10.81B,5.621B,6.632B,2.819B,7.099B,4.182B,4.28B,591.00M,1.736B,1.829B
STX,2014-09,-15.00M,2.201B,2.734B,0,0,1.17,1.13,1.341B,9.135B,1.051B,2014-09,1.071B,381.00M,-53.00M,-53.00M,2.156B,0,3.809B,462.00M,2.351B,392.00M,11.00M,342.00M,3.785B,216.00M,2.946B,9.765B,5.58B,5.583B,2.596B,6.819B,4.182B,4.223B,589.00M,1.74B,1.909B
STX,2014-06,-2.00M,2.654B,2.376B,0,0,0.98,0.95,896.00M,8.979B,925.00M,2014-06,985.00M,320.00M,-49.00M,-49.00M,2.136B,0,3.92B,414.00M,2.102B,284.00M,-36.00M,323.00M,3.301B,161.00M,2.832B,9.492B,0,5.777B,2.398B,6.66B,3.715B,4.262B,511.00M,1.549B,1.841B
STX,2014-03,-2.00M,2.306B,2.447B,0,0,1.21,1.17,781.00M,8.807B,959.00M,2014-03,846.00M,395.00M,-51.00M,-51.00M,2.065B,0,3.514B,446.00M,1.95B,390.00M,-5.00M,297.00M,3.406B,190.00M,2.638B,8.659B,5.471B,5.151B,2.162B,6.021B,3.508B,3.859B,513.00M,1.345B,1.757B
STX,2013-12,-7.00M,2.339B,2.541B,0,0,1.27,1.24,806.00M,8.727B,987.00M,2013-12,948.00M,428.00M,-48.00M,-48.00M,2.128B,0,3.572B,460.00M,2.19B,442.00M,14.00M,312.00M,3.528B,190.00M,2.495B,8.89B,5.404B,5.289B,2.457B,6.395B,3.601B,3.938B,527.00M,1.577B,1.745B
STX,2013-09,-6.00M,2.413B,2.514B,1.00M,0,1.2,1.16,846.00M,8.624B,975.00M,2013-09,871.00M,427.00M,-39.00M,-39.00M,2.187B,0,2.772B,480.00M,2.293B,440.00M,13.00M,294.00M,3.489B,181.00M,3.678B,9.345B,5.352B,5.625B,2.514B,5.656B,3.72B,3.142B,495.00M,1.683B,1.937B
STX,2013-06,-13.00M,2.188B,2.485B,3.00M,0,0.97,0.94,881.00M,8.544B,939.00M,2013-06,854.00M,348.00M,-49.00M,-49.00M,2.269B,0,2.774B,447.00M,2.273B,303.00M,-45.00M,294.00M,3.424B,178.00M,3.495B,9.243B,0,5.412B,2.611B,5.737B,3.831B,3.126B,492.00M,1.69B,1.999B
STX,2013-03,7.00M,1.909B,2.578B,4.00M,0,1.16,1.13,918.00M,8.389B,948.00M,2013-03,833.00M,416.00M,-51.00M,-51.00M,2.256B,0,2.474B,466.00M,2.333B,430.00M,14.00M,294.00M,3.526B,168.00M,3.299B,8.743B,5.239B,4.987B,2.601B,5.431B,3.756B,2.83B,482.00M,1.698B,1.855B
STX,2012-12,18.00M,1.872B,2.676B,3.00M,0,1.33,1.3,956.00M,8.241B,992.00M,2012-12,800.00M,492.00M,-53.00M,-53.00M,2.228B,0,2.815B,556.00M,2.353B,499.00M,7.00M,277.00M,3.668B,139.00M,2.911B,8.742B,5.154B,5.017B,2.643B,5.817B,3.725B,3.174B,436.00M,1.685B,1.945B
STX,2012-09,17.00M,2.37B,2.671B,3.00M,0,1.48,1.42,992.00M,8.101B,1.061B,2012-09,845.00M,582.00M,-53.00M,-53.00M,2.243B,0,2.867B,624.00M,2.533B,600.00M,18.00M,268.00M,3.732B,150.00M,3.483B,9.522B,5.124B,5.749B,2.753B,5.987B,3.773B,3.234B,437.00M,1.808B,2.088B
STX,2012-06,-9.00M,2.118B,2.998B,560.00M,0,2.46,2.37,969.00M,8.02B,1.484B,2012-06,909.00M,1.013B,-53.00M,-53.00M,2.284B,0,2.863B,1.057B,3.052B,1.013B,0,269.00M,4.482B,140.00M,3.497B,10.11B,0,6.31B,3.396B,6.609B,3.796B,3.213B,427.00M,2.286B,2.92B
STX,2012-03,-9.00M,2.046B,2.809B,560.00M,0,2.57,2.48,1.005B,7.799B,1.641B,2012-03,841.00M,1.146B,-57.00M,-57.00M,2.179B,0,2.862B,1.211B,2.892B,1.159B,13.00M,270.00M,4.45B,142.00M,3.674B,10.06B,4.804B,6.368B,3.154B,6.39B,3.696B,3.236B,430.00M,2.172B,2.478B
STX,2011-12,-13.00M,2.232B,2.185B,0,0,1.32,1.28,1.044B,7.672B,1.01B,2011-12,827.00M,563.00M,-56.00M,-56.00M,2.21B,0,2.925B,608.00M,2.117B,558.00M,-5.00M,259.00M,3.195B,141.00M,3.465B,9.171B,4.628B,5.40B,2.372B,5.706B,3.771B,3.334B,402.00M,1.461B,2.012B
STX,2011-09,-20.00M,2.90B,2.262B,0,0,0.33,0.32,32.00M,7.479B,549.00M,2011-09,825.00M,140.00M,-68.00M,-68.00M,2.19B,0,2.924B,236.00M,2.337B,152.00M,12.00M,208.00M,2.811B,105.00M,2.425B,8.732B,4.019B,5.998B,3.039B,6.307B,2.734B,3.268B,313.00M,1.686B,1.449B
STX,2011-06,-6.00M,3.151B,2.308B,0,0,0.28,0.26,0,7.383B,551.00M,2011-06,872.00M,119.00M,-62.00M,-62.00M,2.245B,0,2.952B,194.00M,2.704B,129.00M,10.00M,229.00M,2.859B,128.00M,2.463B,9.225B,0,6.425B,3.463B,6.762B,2.80B,3.299B,357.00M,2.063B,2.014B
