Ticker,Date,Accrued Comprehensive Inc,Cash and Short Term Investments,Cost of Goods Sold,Current Debt & Capital Lease Obligation,Current Deferred Liabilities,EPS Basic,EPS Diluted,Goodwill and Intangibles,Gross PP&E,Gross Profit,Income (Quarterly),Inventories,Net Income,Net Non-Operating Interest Income Expense,Net Operating Interest Income,Net PP&E,Non-Current Deferred Liabilities,Non-Current Portion of LTD and Capital Lease Obligation,Operating Income,Payables and Accrued Expenses,Pre-Tax Income,Provision for Income Taxes,Research and Development Expense,Revenue,SG&A Expense,Shareholders Equity,Total Assets,Total Capital Stock,Total Current Assets,Total Current Liabilities,Total Liabilities,Total Long Term Assets,Total Long Term Liabilities,Total Operating Expenses,Total Payables,Total Receivables
SYK,2020-12,-1.157B,3.024B,1.545B,761.00M,0,1.51,1.49,18.33B,5.182B,2.717B,2020-12,3.494B,568.00M,0,0,2.752B,0,13.23B,770.00M,3.355B,671.00M,103.00M,255.00M,4.262B,1.562B,13.08B,34.33B,38.00M,9.707B,5.041B,21.25B,24.62B,16.20B,1.947B,1.254B,2.701B
SYK,2020-09,-917.00M,7.161B,1.276B,1.119B,0,1.66,1.63,13.04B,4.839B,2.461B,2020-09,3.459B,621.00M,0,0,2.529B,0,12.01B,861.00M,2.89B,780.00M,159.00M,242.00M,3.737B,1.244B,12.99B,32.29B,38.00M,13.54B,4.689B,19.30B,18.74B,14.61B,1.60B,1.124B,2.426B
SYK,2020-06,-715.00M,6.619B,1.216B,1.11B,0,-0.22,-0.22,13.09B,4.775B,1.548B,2020-06,3.442B,-83.00M,0,0,2.527B,0,11.81B,-20.00M,2.767B,-87.00M,-4.00M,233.00M,2.764B,1.225B,12.75B,31.48B,38.00M,12.80B,4.405B,18.73B,18.68B,14.32B,1.568B,1.065B,2.203B
SYK,2020-03,-623.00M,4.048B,1.257B,1.103B,0,1.32,1.3,13.13B,4.776B,2.331B,2020-03,3.359B,493.00M,0,0,2.607B,0,9.404B,629.00M,2.629B,590.00M,97.00M,254.00M,3.588B,1.33B,13.12B,29.44B,38.00M,10.74B,4.162B,16.32B,18.70B,12.16B,1.702B,1.179B,2.646B
SYK,2019-12,-606.00M,4.425B,1.428B,859.00M,0,1.94,1.9,13.30B,4.714B,2.703B,2019-12,2.98B,725.00M,0,0,2.567B,0,10.23B,957.00M,2.586B,936.00M,211.00M,254.00M,4.131B,1.38B,12.81B,30.17B,37.00M,11.06B,4.40B,17.36B,19.11B,12.96B,1.746B,1.059B,2.893B
SYK,2019-09,-553.00M,2.036B,1.257B,526.00M,0,1.24,1.23,12.76B,4.603B,2.33B,2019-09,3.269B,466.00M,0,0,2.46B,0,7.889B,677.00M,2.628B,581.00M,115.00M,246.00M,3.587B,1.291B,12.32B,26.66B,37.00M,8.566B,3.921B,14.34B,18.09B,10.42B,1.653B,938.00M,2.438B
SYK,2019-06,-630.00M,1.839B,1.27B,539.00M,0,1.29,1.26,12.95B,4.478B,2.38B,2019-06,3.198B,480.00M,0,0,2.387B,0,7.974B,730.00M,2.767B,565.00M,85.00M,246.00M,3.65B,1.282B,11.94B,26.35B,37.00M,8.185B,3.946B,14.41B,18.17B,10.46B,1.65B,947.00M,2.408B
SYK,2019-03,-565.00M,1.758B,1.233B,521.00M,0,1.1,1.09,12.95B,4.342B,2.283B,2019-03,3.064B,412.00M,0,0,2.297B,0,7.95B,541.00M,2.661B,480.00M,68.00M,225.00M,3.516B,1.403B,11.69B,25.94B,37.00M,7.888B,3.713B,14.24B,18.05B,10.53B,1.742B,965.00M,2.284B
SYK,2018-12,-631.00M,3.699B,1.34B,1.373B,0,5.52,5.44,12.73B,4.277B,2.456B,2018-12,2.955B,2.068B,0,0,2.291B,0,8.486B,711.00M,2.517B,657.00M,-1.411B,221.00M,3.796B,1.431B,11.73B,27.23B,37.00M,9.733B,4.807B,15.50B,17.50B,10.69B,1.745B,996.00M,2.332B
SYK,2018-09,-604.00M,2.21B,1.087B,1.275B,0,1.58,1.55,11.10B,4.152B,2.155B,2018-09,2.893B,590.00M,0,0,2.178B,0,5.928B,580.00M,2.13B,534.00M,-56.00M,221.00M,3.242B,1.242B,9.86B,22.08B,37.00M,7.918B,4.153B,12.22B,14.17B,8.071B,1.575B,839.00M,2.076B
SYK,2018-06,-557.00M,1.92B,1.132B,1.277B,0,1.21,1.19,11.20B,4.036B,2.19B,2018-06,2.74B,452.00M,0,0,2.101B,0,5.925B,674.00M,2.169B,623.00M,171.00M,216.00M,3.322B,1.19B,9.46B,21.57B,37.00M,7.413B,4.046B,12.11B,14.16B,8.064B,1.516B,869.00M,2.089B
SYK,2018-03,-510.00M,2.455B,1.104B,1.984B,0,1.18,1.16,11.41B,3.981B,2.137B,2018-03,2.664B,443.00M,0,0,2.054B,0,5.92B,595.00M,2.291B,542.00M,99.00M,204.00M,3.241B,1.236B,9.214B,22.13B,37.00M,7.851B,4.80B,12.91B,14.28B,8.11B,1.542B,893.00M,2.108B
SYK,2017-12,-553.00M,2.793B,1.23B,632.00M,0,-0.66,-0.66,10.64B,3.80B,2.241B,2017-12,2.465B,-249.00M,0,0,1.975B,0,6.59B,723.00M,2.015B,649.00M,898.00M,205.00M,3.471B,1.217B,9.966B,22.20B,37.00M,7.993B,3.485B,12.22B,14.20B,8.732B,1.518B,808.00M,2.198B
SYK,2017-09,-498.00M,2.689B,1.022B,632.00M,0,1.16,1.14,10.50B,3.689B,1.984B,2017-09,2.454B,434.00M,0,0,1.852B,0,6.593B,591.00M,1.954B,471.00M,37.00M,198.00M,3.006B,1.103B,10.42B,21.48B,37.00M,7.71B,3.258B,11.06B,13.78B,7.802B,1.393B,760.00M,1.965B
SYK,2017-06,-590.00M,3.747B,1.021B,774.00M,0,1.04,1.03,9.853B,3.518B,1.991B,2017-06,2.279B,391.00M,0,0,1.758B,0,6.592B,574.00M,2.23B,444.00M,53.00M,192.00M,3.012B,1.13B,10.04B,21.29B,37.00M,8.478B,3.552B,11.26B,12.81B,7.705B,1.417B,666.00M,1.905B
SYK,2017-03,-675.00M,3.279B,991.00M,35.00M,0,1.19,1.17,9.839B,3.333B,1.964B,2017-03,2.172B,444.00M,0,0,1.655B,0,7.184B,582.00M,2.062B,499.00M,55.00M,192.00M,2.955B,1.102B,9.704B,20.52B,37.00M,7.889B,2.554B,10.81B,12.63B,8.259B,1.382B,658.00M,1.875B
SYK,2016-12,-761.00M,3.384B,1.062B,228.00M,0,1.36,1.34,9.864B,3.161B,2.095B,2016-12,2.03B,510.00M,0,0,1.569B,0,6.686B,724.00M,2.153B,588.00M,78.00M,189.00M,3.157B,1.093B,9.55B,20.44B,37.00M,7.861B,3.148B,10.88B,12.57B,7.737B,1.371B,636.00M,1.967B
SYK,2016-09,-600.00M,3.022B,960.00M,135.00M,0,0.95,0.94,10.08B,3.123B,1.873B,2016-09,2.092B,355.00M,0,0,1.505B,0,6.713B,543.00M,2.251B,419.00M,64.00M,184.00M,2.833B,1.057B,9.332B,20.19B,37.00M,7.366B,3.026B,10.86B,12.82B,7.829B,1.33B,775.00M,1.803B
SYK,2016-06,-595.00M,3.656B,998.00M,927.00M,0,1.02,1,10.10B,3.07B,1.842B,2016-06,1.989B,380.00M,0,0,1.446B,0,6.717B,528.00M,2.148B,433.00M,53.00M,183.00M,2.84B,1.043B,9.098B,20.52B,37.00M,7.824B,3.605B,11.42B,12.70B,7.817B,1.314B,733.00M,1.758B
SYK,2016-03,-622.00M,7.483B,801.00M,770.00M,0,1.08,1.07,5.945B,2.811B,1.694B,2016-03,1.768B,402.00M,0,0,1.224B,0,6.706B,538.00M,2.01B,481.00M,79.00M,159.00M,2.495B,944.00M,8.808B,19.67B,37.00M,11.32B,3.186B,10.86B,8.343B,7.674B,1.156B,687.00M,1.591B
SYK,2015-12,-639.00M,4.079B,895.00M,768.00M,0,1.39,1.38,5.93B,2.73B,1.82B,2015-12,1.639B,522.00M,0,0,1.199B,0,3.23B,628.00M,2.097B,612.00M,90.00M,164.00M,2.715B,970.00M,8.511B,16.22B,37.00M,7.943B,3.502B,7.712B,8.28B,4.21B,1.192B,693.00M,1.662B
SYK,2015-09,-529.00M,3.372B,796.00M,971.00M,0,0.8,0.79,6.021B,2.656B,1.624B,2015-09,1.665B,301.00M,0,0,1.128B,0,2.511B,528.00M,2.05B,345.00M,44.00M,155.00M,2.42B,887.00M,8.484B,15.92B,38.00M,8.033B,3.553B,7.433B,7.884B,3.88B,1.096B,628.00M,1.496B
SYK,2015-06,-431.00M,4.277B,827.00M,227.00M,0,1.04,1.03,6.05B,2.604B,1.605B,2015-06,1.619B,392.00M,0,0,1.102B,0,3.242B,541.00M,3.056B,401.00M,9.00M,154.00M,2.432B,861.00M,8.505B,16.82B,38.00M,8.936B,3.723B,8.314B,7.883B,4.591B,1.064B,629.00M,1.50B
SYK,2015-03,-521.00M,4.263B,826.00M,225.00M,0,0.59,0.58,6.059B,2.528B,1.553B,2015-03,1.582B,224.00M,0,0,1.069B,0,3.257B,460.00M,3.124B,377.00M,153.00M,152.00M,2.379B,892.00M,8.321B,16.58B,38.00M,8.727B,3.695B,8.259B,7.853B,4.564B,1.093B,752.00M,1.521B
SYK,2014-12,-254.00M,5.00B,899.00M,727.00M,0,0.68,0.67,6.204B,2.597B,1.719B,2014-12,1.588B,260.00M,0,0,1.098B,0,3.246B,580.00M,3.137B,461.00M,201.00M,153.00M,2.618B,940.00M,8.595B,17.28B,38.00M,8.684B,4.461B,8.684B,8.595B,4.223B,1.139B,793.00M,1.572B
SYK,2014-09,-74.00M,4.677B,829.00M,731.00M,0,0.16,0.16,6.365B,2.602B,1.56B,2014-09,1.666B,57.00M,0,0,1.104B,0,3.231B,479.00M,2.995B,425.00M,368.00M,153.00M,2.389B,878.00M,8.624B,17.52B,38.00M,9.326B,4.211B,8.891B,8.189B,4.68B,1.081B,824.00M,1.529B
SYK,2014-06,231.00M,4.745B,815.00M,630.00M,0,0.34,0.33,6.191B,2.626B,1.548B,2014-06,1.587B,128.00M,0,0,1.127B,0,3.237B,473.00M,2.684B,167.00M,39.00M,158.00M,2.363B,870.00M,9.002B,17.23B,38.00M,9.381B,3.713B,8.227B,7.848B,4.514B,1.075B,550.00M,1.503B
SYK,2014-03,268.00M,4.047B,776.00M,820.00M,0,0.19,0.18,6.082B,2.584B,1.529B,2014-03,1.498B,70.00M,0,0,1.117B,0,2.244B,475.00M,2.405B,107.00M,37.00M,150.00M,2.305B,859.00M,9.063B,16.16B,38.00M,8.446B,3.558B,7.096B,7.713B,3.538B,1.054B,584.00M,1.43B
SYK,2013-12,232.00M,3.98B,877.00M,25.00M,0,1.02,1.01,5.833B,2.497B,1.591B,2013-12,1.422B,386.00M,0,0,1.081B,0,2.739B,1.016B,2.097B,431.00M,45.00M,139.00M,2.468B,400.00M,9.047B,15.74B,38.00M,8.335B,2.657B,6.696B,7.408B,4.039B,575.00M,560.00M,1.518B
SYK,2013-09,146.00M,5.138B,682.00M,31.00M,0,0.27,0.27,4.142B,2.409B,1.469B,2013-09,1.404B,103.00M,0,0,1.036B,0,2.743B,163.00M,1.859B,137.00M,34.00M,136.00M,2.151B,1.136B,8.737B,14.88B,38.00M,9.187B,2.324B,6.146B,5.696B,3.822B,1.306B,403.00M,1.37B
SYK,2013-06,31.00M,4.652B,730.00M,29.00M,0,0.56,0.56,4.118B,2.345B,1.482B,2013-06,1.345B,213.00M,-13.00M,-13.00M,1.021B,0,2.742B,299.00M,1.586B,269.00M,56.00M,132.00M,2.212B,1.015B,8.603B,14.38B,38.00M,8.689B,1.971B,5.779B,5.693B,3.808B,1.183B,430.00M,1.413B
SYK,2013-03,17.00M,4.487B,713.00M,34.00M,0,0.8,0.79,4.112B,2.298B,1.477B,2013-03,1.323B,304.00M,0,0,1.002B,0,2.738B,400.00M,1.485B,375.00M,71.00M,129.00M,2.19B,916.00M,8.456B,14.09B,38.00M,8.421B,1.808B,5.633B,5.668B,3.825B,1.077B,503.00M,1.408B
SYK,2012-12,129.00M,4.285B,745.00M,16.00M,0,0.71,0.71,3.566B,2.232B,1.593B,2012-12,1.265B,270.00M,0,0,948.00M,0,1.746B,499.00M,1.393B,358.00M,88.00M,129.00M,2.338B,934.00M,8.597B,13.21B,38.00M,8.148B,1.876B,4.609B,5.058B,2.733B,1.094B,459.00M,1.43B
SYK,2012-09,78.00M,3.863B,655.00M,18.00M,0,0.93,0.92,3.402B,2.169B,1.397B,2012-09,1.315B,353.00M,0,0,929.00M,0,1.751B,462.00M,1.158B,444.00M,91.00M,114.00M,2.052B,791.00M,8.361B,12.78B,38.00M,7.64B,1.576B,4.416B,5.137B,2.84B,935.00M,410.00M,1.356B
SYK,2012-06,-60.00M,3.46B,672.00M,16.00M,0,0.85,0.85,3.377B,2.10B,1.434B,2012-06,1.289B,325.00M,0,0,898.00M,0,1.75B,464.00M,1.143B,435.00M,110.00M,116.00M,2.106B,823.00M,7.952B,12.26B,38.00M,7.198B,1.489B,4.31B,5.064B,2.821B,970.00M,376.00M,1.368B
SYK,2012-03,235.00M,3.297B,709.00M,23.00M,0,0.92,0.91,3.507B,2.121B,1.452B,2012-03,1.318B,350.00M,0,0,909.00M,0,1.751B,490.00M,1.236B,468.00M,118.00M,112.00M,2.161B,819.00M,8.022B,12.46B,38.00M,7.229B,1.549B,4.437B,5.23B,2.888B,962.00M,477.00M,1.472B
SYK,2011-12,144.00M,3.418B,740.00M,17.00M,0,1.05,1.04,3.514B,2.055B,1.475B,2011-12,1.283B,401.00M,0,0,888.00M,0,1.751B,494.00M,1.379B,433.00M,32.00M,115.00M,2.215B,834.00M,7.683B,12.15B,38.00M,7.207B,1.84B,4.463B,4.939B,2.623B,981.00M,581.00M,1.417B
SYK,2011-09,272.00M,3.213B,669.00M,25.00M,0,0.85,0.84,3.496B,2.074B,1.362B,2011-09,1.297B,327.00M,0,0,888.00M,0,1.755B,444.00M,1.153B,431.00M,104.00M,122.00M,2.031B,765.00M,7.557B,12.08B,38.00M,6.931B,1.562B,4.526B,5.152B,2.964B,918.00M,410.00M,1.319B
SYK,2011-06,484.30M,2.675B,713.00M,24.40M,0,0.8,0.79,3.426B,2.069B,1.333B,2011-06,1.284B,310.00M,0,0,886.00M,0,996.70M,401.00M,1.242B,411.00M,101.00M,114.00M,2.046B,786.00M,7.778B,11.60B,38.80M,6.503B,1.604B,3.818B,5.094B,2.215B,932.00M,405.30M,1.348B
SYK,2011-03,416.30M,2.886B,689.00M,28.20M,0,0.79,0.78,3.166B,1.959B,1.326B,2011-03,1.220B,307.00M,0,0,845.00M,0,996.60M,423.00M,1.274B,411.00M,104.00M,111.00M,2.015B,765.00M,7.452B,11.23B,38.80M,6.501B,1.587B,3.779B,4.730B,2.192B,903.00M,501.40M,1.310B
