Ticker,Date,Accrued Comprehensive Inc,Cash and Short Term Investments,Cost of Goods Sold,Current Debt & Capital Lease Obligation,Current Deferred Liabilities,EPS Basic,EPS Diluted,Goodwill and Intangibles,Gross PP&E,Gross Profit,Income (Quarterly),Inventories,Net Income,Net Non-Operating Interest Income Expense,Net Operating Interest Income,Net PP&E,Non-Current Deferred Liabilities,Non-Current Portion of LTD and Capital Lease Obligation,Operating Income,Payables and Accrued Expenses,Pre-Tax Income,Provision for Income Taxes,Research and Development Expense,Revenue,SG&A Expense,Shareholders Equity,Total Assets,Total Capital Stock,Total Current Assets,Total Current Liabilities,Total Liabilities,Total Long Term Assets,Total Long Term Liabilities,Total Operating Expenses,Total Payables,Total Receivables
TEL,2021-03,-246.00M,1.748B,2.528B,919.00M,47.00M,1.53,1.51,6.89B,9.954B,1.21B,2021-03,2.134B,506.00M,-5.00M,-5.00M,3.662B,140.00M,3.602B,635.00M,4.12B,611.00M,106.00M,174.00M,3.738B,401.00M,9.669B,20.97B,149.00M,7.422B,5.039B,11.30B,13.54B,6.259B,575.00M,1.793B,2.921B
TEL,2020-12,-305.00M,1.098B,2.376B,685.00M,36.00M,1.15,1.14,7.00B,9.48B,1.146B,2020-12,2.066B,381.00M,-12.00M,-12.00M,3.768B,144.00M,3.516B,623.00M,3.398B,435.00M,60.00M,162.00M,3.522B,361.00M,9.861B,20.27B,149.00M,6.481B,4.083B,10.40B,13.78B,6.322B,523.00M,1.629B,2.64B
TEL,2020-09,-445.00M,945.00M,2.292B,810.00M,0,0.7,0.69,6.817B,0,969.00M,2020-09,1.95B,230.00M,-10.00M,-10.00M,3.65B,143.00M,3.452B,469.00M,2.604B,337.00M,109.00M,148.00M,3.261B,352.00M,9.383B,19.24B,149.00M,5.784B,3.69B,9.859B,13.46B,6.169B,500.00M,1.706B,2.377B
TEL,2020-06,-509.00M,474.00M,1.841B,691.00M,0,-0.12,-0.12,6.755B,0,707.00M,2020-06,2.227B,-41.00M,-11.00M,-11.00M,3.598B,161.00M,3.395B,240.00M,3.036B,127.00M,185.00M,146.00M,2.548B,321.00M,9.036B,18.84B,149.00M,5.319B,3.727B,9.696B,13.52B,5.969B,467.00M,1.271B,2.146B
TEL,2020-03,-571.00M,796.00M,2.166B,603.00M,0,-1.37,-1.37,6.782B,0,1.029B,2020-03,2.001B,-456.00M,-6.00M,-6.00M,3.558B,126.00M,3.752B,519.00M,3.356B,-410.00M,42.00M,158.00M,3.195B,352.00M,9.066B,19.37B,154.00M,5.715B,3.959B,10.20B,13.65B,6.237B,510.00M,1.39B,2.461B
TEL,2019-12,-414.00M,742.00M,2.138B,561.00M,0,0.08,0.08,7.448B,0,1.03B,2019-12,2.003B,26.00M,-6.00M,-6.00M,3.659B,142.00M,3.412B,502.00M,2.843B,470.00M,447.00M,161.00M,3.168B,367.00M,10.56B,19.98B,154.00M,5.566B,3.404B,9.419B,14.41B,6.015B,528.00M,1.433B,2.338B
TEL,2019-09,-503.00M,927.00M,2.248B,570.00M,0,1.11,1.1,7.336B,0,1.052B,2019-09,1.836B,372.00M,-7.00M,-7.00M,3.574B,156.00M,3.395B,521.00M,2.689B,437.00M,61.00M,159.00M,3.30B,372.00M,10.57B,19.69B,154.00M,5.554B,3.54B,9.124B,14.14B,5.584B,531.00M,1.759B,2.32B
TEL,2019-06,-201.00M,546.00M,2.279B,602.00M,0,2.25,2.23,7.464B,0,1.11B,2019-06,1.961B,757.00M,-9.00M,-9.00M,3.636B,203.00M,3.434B,596.00M,3.092B,513.00M,-245.00M,158.00M,3.389B,356.00M,10.62B,19.75B,154.00M,5.422B,3.694B,9.126B,14.33B,5.432B,514.00M,1.438B,2.463B
TEL,2019-03,-160.00M,565.00M,2.294B,612.00M,0,1.3,1.29,7.222B,0,1.118B,2019-03,1.97B,439.00M,-11.00M,-11.00M,3.596B,196.00M,3.37B,579.00M,3.255B,520.00M,91.00M,166.00M,3.412B,373.00M,9.994B,19.26B,157.00M,5.446B,3.867B,9.268B,13.82B,5.401B,539.00M,1.485B,2.463B
TEL,2018-12,-257.00M,505.00M,2.233B,585.00M,0,0.81,0.8,7.296B,0,1.114B,2018-12,1.986B,276.00M,-22.00M,-22.00M,3.55B,207.00M,3.382B,564.00M,2.886B,461.00M,78.00M,161.00M,3.347B,389.00M,10.24B,19.19B,157.00M,5.378B,3.471B,8.952B,13.81B,5.481B,550.00M,1.538B,2.38B
TEL,2018-09,-306.00M,848.00M,2.327B,963.00M,27.00M,4.79,4.75,7.388B,9.398B,1.182B,2018-09,1.857B,1.661B,-23.00M,-23.00M,3.497B,207.00M,3.037B,597.00M,3.091B,546.00M,-1.128B,171.00M,3.509B,414.00M,10.83B,20.39B,157.00M,6.199B,4.41B,9.555B,14.19B,5.145B,585.00M,2.054B,2.361B
TEL,2018-06,-299.00M,770.00M,2.394B,714.00M,124.00M,1.3,1.29,7.314B,8.938B,1.187B,2018-06,1.961B,454.00M,-23.00M,-23.00M,3.633B,227.00M,3.294B,622.00M,3.208B,530.00M,77.00M,171.00M,3.581B,394.00M,9.492B,19.01B,157.00M,5.941B,4.046B,9.521B,13.07B,5.475B,565.00M,1.583B,2.591B
TEL,2018-03,-49.00M,559.00M,2.35B,675.00M,147.00M,1.4,1.38,7.516B,8.888B,1.212B,2018-03,2.045B,490.00M,-24.00M,-24.00M,3.676B,238.00M,3.335B,630.00M,3.342B,598.00M,108.00M,173.00M,3.562B,409.00M,9.48B,19.25B,157.00M,5.96B,4.164B,9.767B,13.29B,5.603B,582.00M,1.613B,2.643B
TEL,2017-12,-84.00M,704.00M,2.172B,688.00M,127.00M,-0.11,-0.11,7.478B,0,1.164B,2017-12,1.984B,-40.00M,-22.00M,-22.00M,3.527B,238.00M,3.317B,622.00M,2.82B,566.00M,599.00M,165.00M,3.336B,377.00M,9.631B,18.81B,157.00M,5.733B,3.635B,9.18B,13.08B,5.545B,542.00M,1.556B,2.378B
TEL,2017-09,-160.00M,1.218B,1.662B,710.00M,27.00M,1.23,1.22,7.492B,0,866.00M,2017-09,1.647B,434.00M,-33.00M,-33.00M,3.159B,236.00M,3.634B,379.00M,2.846B,312.00M,16.00M,126.00M,2.528B,361.00M,9.751B,19.40B,157.00M,5.926B,3.847B,9.652B,13.48B,5.805B,487.00M,1.796B,2.138B
TEL,2017-06,-506.00M,755.00M,2.227B,878.00M,62.00M,1.23,1.22,7.306B,0,1.14B,2017-06,1.787B,435.00M,-29.00M,-29.00M,3.165B,197.00M,3.113B,564.00M,2.932B,503.00M,71.00M,168.00M,3.367B,408.00M,9.141B,18.52B,157.00M,5.354B,3.872B,9.379B,13.17B,5.507B,576.00M,1.309B,2.271B
TEL,2017-03,-584.00M,773.00M,2.117B,879.00M,129.00M,1.14,1.13,7.15B,0,1.11B,2017-03,1.66B,405.00M,-26.00M,-26.00M,3.046B,197.00M,3.073B,542.00M,2.927B,445.00M,39.00M,161.00M,3.227B,407.00M,8.753B,18.06B,168.00M,5.146B,3.935B,9.303B,12.91B,5.368B,568.00M,1.226B,2.244B
TEL,2016-12,-698.00M,665.00M,1.996B,1.052B,149.00M,1.15,1.14,7.163B,0,1.067B,2016-12,1.636B,409.00M,-26.00M,-26.00M,2.956B,194.00M,2.976B,544.00M,2.312B,460.00M,54.00M,156.00M,3.063B,367.00M,8.837B,17.62B,168.00M,4.809B,3.513B,8.778B,12.81B,5.265B,523.00M,1.123B,2.034B
TEL,2016-09,-542.00M,647.00M,1.548B,331.00M,208.00M,1.23,1.22,7.371B,0,898.00M,2016-09,1.596B,437.00M,-29.00M,-29.00M,3.052B,207.00M,3.739B,452.00M,2.463B,348.00M,5.00M,124.00M,2.446B,322.00M,8.485B,17.61B,168.00M,4.775B,3.066B,9.123B,12.83B,6.057B,446.00M,1.502B,2.046B
TEL,2016-06,-375.00M,694.00M,2.099B,302.00M,160.00M,2.35,2.32,7.043B,0,1.022B,2016-06,1.61B,839.00M,-29.00M,-29.00M,2.976B,326.00M,3.734B,494.00M,2.849B,-228.00M,-1.019B,161.00M,3.121B,367.00M,8.265B,17.50B,168.00M,4.929B,3.311B,9.235B,12.57B,5.924B,528.00M,1.157B,2.158B
TEL,2016-03,-449.00M,1.15B,1.99B,152.00M,110.00M,1.04,1.03,6.108B,8.637B,962.00M,2016-03,1.635B,380.00M,-28.00M,-28.00M,2.899B,291.00M,3.732B,439.00M,2.835B,519.00M,130.00M,156.00M,2.952B,367.00M,7.406B,17.84B,182.00M,5.414B,3.097B,10.44B,12.43B,7.338B,523.00M,1.116B,2.095B
TEL,2015-12,-463.00M,2.223B,1.888B,500.00M,113.00M,0.92,0.91,6.119B,8.766B,945.00M,2015-12,1.70B,353.00M,-24.00M,-24.00M,2.866B,291.00M,3.37B,443.00M,2.653B,382.00M,58.00M,162.00M,2.833B,340.00M,8.577B,19.22B,182.00M,6.505B,3.266B,10.65B,12.72B,7.38B,502.00M,1.108B,1.878B
TEL,2015-09,-373.00M,3.329B,2.016B,498.00M,218.00M,2.6,2.57,6.379B,0,968.00M,2015-09,1.615B,1.04B,-28.00M,-28.00M,2.92B,329.00M,3.386B,486.00M,2.799B,388.00M,252.00M,148.00M,2.984B,334.00M,9.585B,20.59B,182.00M,7.885B,3.575B,11.00B,12.70B,7.429B,482.00M,1.778B,2.12B
TEL,2015-06,-373.00M,701.00M,2.07B,631.00M,179.00M,0.76,0.75,6.438B,0,1.048B,2015-06,1.717B,309.00M,-29.00M,-29.00M,2.925B,299.00M,3.395B,496.00M,2.866B,451.00M,100.00M,159.00M,3.118B,393.00M,9.129B,20.44B,182.00M,7.736B,4.041B,11.31B,12.70B,7.265B,552.00M,1.206B,2.185B
TEL,2015-03,-416.00M,697.00M,2.031B,736.00M,96.00M,1.47,1.45,6.462B,0,1.051B,2015-03,1.684B,599.00M,-33.00M,-33.00M,2.878B,300.00M,3.39B,500.00M,2.948B,410.00M,94.00M,160.00M,3.082B,391.00M,8.989B,20.24B,184.00M,7.612B,4.141B,11.25B,12.63B,7.107B,551.00M,1.233B,2.094B
TEL,2014-12,-223.00M,868.00M,2.029B,937.00M,121.00M,1.16,1.14,7.468B,0,1.02B,2014-12,1.942B,472.00M,-29.00M,-29.00M,3.118B,304.00M,3.286B,474.00M,2.818B,326.00M,-109.00M,160.00M,3.049B,386.00M,9.164B,20.15B,184.00M,6.045B,3.876B,10.98B,14.11B,7.107B,546.00M,1.382B,2.349B
TEL,2014-09,-17.00M,2.457B,2.058B,577.00M,202.00M,1.62,1.59,4.813B,0,1.014B,2014-09,1.509B,663.00M,-28.00M,-28.00M,2.92B,229.00M,3.281B,484.00M,2.715B,429.00M,-185.00M,150.00M,3.072B,380.00M,9.007B,20.15B,184.00M,8.879B,3.993B,11.14B,11.27B,7.146B,530.00M,1.661B,2.057B
TEL,2014-06,357.00M,1.613B,2.057B,625.00M,119.00M,0.99,0.97,5.527B,0,1.018B,2014-06,1.81B,403.00M,-24.00M,-24.00M,3.154B,321.00M,2.375B,475.00M,3.116B,449.00M,102.00M,147.00M,3.075B,396.00M,8.842B,18.87B,184.00M,6.873B,3.86B,10.02B,12.00B,6.163B,543.00M,1.433B,2.503B
TEL,2014-03,318.00M,1.429B,1.969B,625.00M,58.00M,0.88,0.87,5.552B,0,995.00M,2014-03,1.85B,362.00M,-27.00M,-27.00M,3.181B,321.00M,2.37B,471.00M,3.404B,460.00M,120.00M,145.00M,2.964B,379.00M,8.393B,18.63B,189.00M,6.566B,4.087B,10.23B,12.06B,6.142B,524.00M,1.421B,2.402B
TEL,2013-12,327.00M,1.397B,2.209B,383.00M,76.00M,0.86,0.84,5.565B,0,1.117B,2013-12,1.836B,353.00M,-29.00M,-29.00M,3.164B,321.00M,2.615B,486.00M,2.95B,482.00M,127.00M,164.00M,3.326B,467.00M,8.616B,18.44B,189.00M,6.358B,3.409B,9.821B,12.08B,6.412B,631.00M,1.361B,2.284B
TEL,2013-09,303.00M,1.403B,1.064B,711.00M,122.00M,0.94,0.92,5.57B,9.519B,478.00M,2013-09,1.762B,387.00M,-27.00M,-27.00M,3.166B,321.00M,2.303B,279.00M,2.738B,283.00M,17.00M,81.00M,1.542B,118.00M,8.38B,18.46B,189.00M,6.309B,3.924B,10.08B,12.15B,6.151B,199.00M,1.701B,2.323B
TEL,2013-06,72.00M,1.262B,2.317B,711.00M,93.00M,0.81,0.8,5.548B,9.301B,1.132B,2013-06,1.762B,335.00M,-32.00M,-32.00M,3.071B,304.00M,2.307B,509.00M,3.199B,425.00M,93.00M,167.00M,3.449B,456.00M,7.882B,18.09B,189.00M,6.018B,4.003B,10.20B,12.07B,6.199B,623.00M,1.357B,2.257B
TEL,2013-03,134.00M,1.073B,2.213B,715.00M,106.00M,0.66,0.65,5.57B,9.033B,1.052B,2013-03,1.803B,277.00M,-30.00M,-30.00M,3.114B,448.00M,2.315B,443.00M,3.08B,338.00M,60.00M,171.00M,3.265B,438.00M,7.727B,18.14B,193.00M,5.864B,3.901B,10.41B,12.28B,6.506B,609.00M,1.348B,2.214B
TEL,2012-12,256.00M,972.00M,2.145B,351.00M,112.00M,0.66,0.65,5.649B,0,989.00M,2012-12,1.808B,277.00M,-33.00M,-33.00M,3.187B,448.00M,2.687B,390.00M,2.648B,34.00M,-245.00M,171.00M,3.134B,428.00M,8.129B,18.14B,193.00M,5.753B,3.111B,10.00B,12.38B,6.891B,599.00M,1.264B,2.211B
TEL,2012-09,229.00M,1.589B,2.30B,1.015B,206.00M,0.93,0.92,5.66B,0,1.064B,2012-09,1.808B,396.00M,-40.00M,-40.00M,3.213B,448.00M,2.696B,447.00M,2.651B,380.00M,-18.00M,165.00M,3.364B,452.00M,7.971B,19.31B,193.00M,6.503B,4.004B,11.33B,12.80B,7.325B,617.00M,1.609B,2.343B
TEL,2012-06,226.00M,1.302B,2.481B,1.066B,99.00M,0.46,0.46,5.682B,0,1.018B,2012-06,1.868B,199.00M,-42.00M,-42.00M,3.136B,509.00M,2.693B,422.00M,2.905B,348.00M,88.00M,173.00M,3.499B,423.00M,7.734B,18.94B,193.00M,6.432B,4.07B,11.20B,12.51B,7.132B,596.00M,1.383B,2.393B
TEL,2012-03,389.00M,2.866B,2.228B,1.285B,98.00M,0.6,0.6,3.889B,0,1.021B,2012-03,1.833B,257.00M,-37.00M,-37.00M,3.107B,2.597B,2.687B,421.00M,2.922B,359.00M,91.00M,173.00M,3.249B,427.00M,7.674B,19.03B,204.00M,8.311B,4.371B,11.35B,10.72B,6.975B,600.00M,1.367B,2.288B
TEL,2011-12,250.00M,1.39B,2.227B,896.00M,97.00M,0.61,0.61,4.207B,0,943.00M,2011-12,1.918B,260.00M,-34.00M,-34.00M,3.09B,333.00M,1.95B,383.00M,2.827B,328.00M,88.00M,177.00M,3.17B,383.00M,7.581B,17.52B,593.00M,6.577B,3.82B,9.933B,10.95B,6.113B,560.00M,1.393B,2.241B
TEL,2011-09,428.00M,1.218B,2.569B,1.00M,143.00M,0.76,0.75,3.919B,0,1.184B,2011-09,1.878B,326.00M,-38.00M,-38.00M,3.14B,333.00M,2.667B,523.00M,2.723B,421.00M,100.00M,194.00M,3.753B,467.00M,7.474B,17.72B,593.00M,6.981B,3.41B,10.24B,10.74B,6.829B,661.00M,1.929B,2.341B
TEL,2011-06,576.00M,1.212B,2.491B,0,104.00M,0.81,0.8,4.273B,0,1.088B,2011-06,1.895B,355.00M,-34.00M,-34.00M,3.147B,2.358B,2.654B,469.00M,3.586B,421.00M,70.00M,178.00M,3.579B,441.00M,7.575B,18.03B,593.00M,6.86B,3.691B,10.45B,11.17B,6.755B,619.00M,1.612B,2.614B
