Ticker,Date,Accrued Comprehensive Inc,Cash and Short Term Investments,Current Debt & Capital Lease Obligation,EPS Basic,EPS Diluted,Goodwill and Intangibles,Gross PP&E,Income (Quarterly),Net Income,Net Loan Assets,Net PP&E,Non-Current Portion of LTD and Capital Lease Obligation,Payables and Accrued Expenses,Pre-Tax Income,Provision for Income Taxes,Revenue,SG&A Expense,Shareholders Equity,Total Assets,Total Capital Stock,Total Current Assets,Total Current Liabilities,Total Liabilities,Total Long Term Assets,Total Long Term Liabilities,Total Operating Expenses,Total Payables,Total Receivables
TFC,2021-03,-1.516B,155.94B,5.889B,0.99,0.98,29.55B,3.787B,2021-03,1.477B,291.52B,3.787B,37.75B,6.242B,1.824B,351.00M,5.482B,2.208B,67.88B,517.54B,13.85B,157.29B,5.889B,449.66B,484.06B,433.32B,2.264B,6.242B,9.452B
TFC,2020-12,716.00M,139.66B,4.792B,0.91,0.9,29.45B,9.573B,2020-12,1.329B,301.54B,7.013B,39.60B,6.603B,1.641B,311.00M,5.651B,2.166B,70.81B,509.23B,14.79B,160.30B,6.092B,438.32B,463.08B,420.67B,2.084B,6.603B,9.385B
TFC,2020-09,470.00M,123.24B,4.904B,0.79,0.79,28.70B,7.323B,2020-09,1.138B,306.29B,7.323B,41.01B,6.00B,1.396B,255.00M,5.572B,2.133B,69.87B,499.18B,14.79B,143.16B,6.244B,429.21B,435.52B,411.76B,2.123B,6.00B,9.927B
TFC,2020-06,847.00M,119.00B,4.505B,0.67,0.67,28.98B,7.679B,2020-06,955.00M,315.45B,7.679B,42.13B,0,1.149B,191.00M,5.871B,2.064B,68.78B,504.34B,13.88B,139.68B,5.70B,435.45B,435.81B,418.37B,1.875B,0,10.66B
TFC,2020-03,898.00M,114.75B,12.70B,0.73,0.73,29.24B,7.498B,2020-03,1.06B,318.83B,7.498B,65.66B,0,1.287B,224.00M,5.611B,2.056B,65.89B,506.23B,11.34B,132.53B,12.70B,440.17B,444.27B,415.84B,2.185B,0,9.673B
TFC,2019-12,-844.00M,93.79B,15.99B,0.76,0.75,29.93B,9.717B,2019-12,721.00M,309.61B,7.432B,41.34B,0,879.00M,153.00M,3.625B,1.51B,66.38B,473.08B,11.81B,111.77B,18.22B,406.52B,428.89B,376.07B,1.401B,0,4.418B
TFC,2019-09,-1.026B,39.00B,10.40B,0.96,0.95,11.43B,5.676B,2019-09,825.00M,149.28B,2.022B,25.52B,0,1.046B,218.00M,3.003B,1.197B,32.23B,236.75B,6.889B,39.00B,16.65B,204.45B,233.73B,187.80B,1.227B,0,0
TFC,2019-06,-1.119B,28.49B,10.34B,1.1,1.09,11.51B,0,2019-06,886.00M,152.23B,2.029B,22.64B,0,1.119B,234.00M,3.042B,1.149B,31.70B,230.87B,6.883B,28.49B,16.95B,199.11B,228.17B,182.16B,1.187B,0,0
TFC,2019-03,-1.421B,29.19B,6.305B,0.98,0.97,11.58B,0,2019-03,792.00M,148.33B,2.078B,24.73B,0,975.00M,177.00M,2.898B,1.114B,30.82B,227.68B,6.883B,29.19B,12.30B,196.80B,224.71B,184.50B,1.095B,0,0
TFC,2018-12,-1.715B,28.88B,4.927B,0.99,0.97,11.70B,0,2018-12,798.00M,148.44B,3.493B,23.71B,0,1.01B,205.00M,2.94B,1.198B,30.12B,225.70B,6.87B,34.29B,5.178B,195.52B,211.50B,184.91B,1.276B,0,0
TFC,2018-09,-1.852B,27.29B,9.652B,1.02,1.01,11.80B,4.232B,2018-09,832.00M,146.17B,2.154B,23.24B,5.434B,1.049B,210.00M,2.926B,1.104B,29.95B,222.88B,6.906B,27.29B,15.09B,192.88B,219.73B,177.79B,1.119B,5.434B,0
TFC,2018-06,-1.706B,26.84B,3.576B,1,0.99,11.41B,4.279B,2018-06,819.00M,146.27B,2.154B,24.08B,5.717B,1.024B,202.00M,2.879B,1.074B,29.78B,222.68B,6.925B,26.84B,9.293B,192.85B,219.63B,183.56B,1.081B,5.717B,0
TFC,2018-03,-1.645B,27.93B,4.321B,0.96,0.94,11.42B,0,2018-03,788.00M,142.71B,2.078B,23.41B,5.14B,977.00M,186.00M,2.813B,1.039B,29.61B,220.73B,6.952B,27.93B,9.461B,191.07B,217.62B,181.61B,1.044B,5.14B,0
TFC,2017-12,-1.467B,27.26B,4.938B,0.78,0.77,11.38B,0,2017-12,658.00M,143.31B,2.055B,23.65B,5.99B,876.00M,209.00M,2.869B,1.166B,29.65B,221.64B,6.963B,27.26B,10.93B,191.95B,218.56B,181.02B,1.298B,5.99B,0
TFC,2017-09,-1.036B,25.81B,7.916B,0.75,0.74,11.41B,0,2017-09,640.00M,142.53B,2.043B,20.86B,5.573B,942.00M,294.00M,2.813B,1.051B,29.81B,220.34B,6.998B,25.88B,13.49B,190.49B,217.21B,177.00B,1.038B,5.573B,0
TFC,2017-06,-1.073B,29.77B,6.142B,0.78,0.77,11.45B,0,2017-06,675.00M,143.63B,2.084B,21.74B,5.995B,978.00M,304.00M,2.855B,1.068B,30.31B,221.19B,7.093B,29.91B,12.14B,190.84B,217.76B,178.71B,1.094B,5.995B,0
TFC,2017-03,-1.125B,30.46B,2.019B,0.47,0.46,11.52B,0,2017-03,421.00M,142.41B,2.104B,21.64B,5.489B,530.00M,104.00M,2.78B,1.035B,29.98B,220.50B,7.11B,30.70B,7.508B,190.48B,216.02B,182.97B,645.00M,5.489B,0
TFC,2016-12,-1.132B,30.86B,1.406B,0.73,0.72,11.54B,0,2016-12,636.00M,143.55B,2.107B,21.96B,5.745B,930.00M,287.00M,2.585B,927.00M,29.88B,219.28B,7.10B,30.86B,7.151B,189.35B,214.85B,182.20B,952.00M,5.745B,0
TFC,2016-09,-750.00M,32.23B,4.064B,0.74,0.73,11.35B,0,2016-09,642.00M,143.60B,2.059B,22.78B,5.776B,915.00M,273.00M,2.792B,1.024B,30.05B,222.62B,7.11B,32.42B,9.84B,192.53B,219.00B,182.69B,1.019B,5.776B,0
TFC,2016-06,-837.00M,30.71B,1.472B,0.67,0.66,11.35B,0,2016-06,584.00M,143.20B,2.088B,24.44B,6.971B,839.00M,252.00M,2.811B,1.103B,29.70B,221.86B,7.126B,30.86B,8.443B,192.12B,218.40B,183.67B,1.053B,6.971B,0
TFC,2016-03,-917.00M,29.74B,4.13B,0.67,0.67,10.08B,4.039B,2016-03,564.00M,135.18B,2.001B,22.82B,6.713B,816.00M,246.00M,2.605B,975.00M,28.20B,212.40B,6.966B,29.91B,10.84B,184.17B,208.96B,173.32B,985.00M,6.713B,0
TFC,2015-12,-1.028B,28.86B,2.581B,0.64,0.64,10.11B,3.728B,2015-12,539.00M,135.53B,2.007B,23.77B,6.121B,793.00M,251.00M,2.571B,945.00M,27.31B,209.95B,6.505B,29.01B,9.714B,182.61B,205.78B,172.89B,927.00M,6.121B,0
TFC,2015-09,-796.00M,26.90B,3.883B,0.64,0.64,10.05B,3.646B,2015-09,529.00M,135.51B,2.038B,24.88B,6.254B,755.00M,222.00M,2.51B,940.00M,27.22B,208.81B,6.504B,27.03B,8.835B,181.54B,205.45B,172.71B,892.00M,6.254B,0
TFC,2015-06,-748.00M,23.61B,3.13B,0.63,0.62,8.567B,0,2015-06,491.00M,123.31B,1.90B,23.27B,5.948B,581.00M,80.00M,2.395B,928.00M,25.08B,191.02B,6.27B,23.80B,9.831B,165.88B,188.02B,156.05B,754.00M,5.948B,0
TFC,2015-03,-733.00M,23.45B,3.717B,0.68,0.67,8.244B,0,2015-03,525.00M,120.56B,1.879B,23.44B,6.694B,788.00M,241.00M,2.388B,909.00M,24.64B,189.23B,6.219B,23.67B,9.824B,164.49B,186.72B,154.67B,917.00M,6.694B,0
TFC,2014-12,-751.00M,23.08B,3.385B,0.77,0.76,8.218B,0,2014-12,588.00M,119.83B,1.827B,23.31B,6.388B,880.00M,277.00M,2.441B,878.00M,24.29B,186.83B,6.206B,23.23B,10.10B,162.46B,184.14B,152.35B,882.00M,6.388B,0
TFC,2014-09,-442.00M,23.05B,3.979B,0.71,0.7,8.339B,0,2014-09,549.00M,119.19B,1.842B,22.36B,6.073B,725.00M,172.00M,2.385B,882.00M,24.24B,187.02B,6.204B,23.19B,9.458B,162.71B,184.71B,153.25B,776.00M,6.073B,0
TFC,2014-06,-406.00M,23.24B,3.285B,0.59,0.58,8.374B,0,2014-06,461.00M,119.62B,1.857B,21.93B,6.555B,693.00M,216.00M,2.389B,897.00M,23.88B,188.01B,6.201B,23.38B,10.53B,164.05B,185.27B,153.51B,907.00M,6.555B,0
TFC,2014-03,-500.00M,22.57B,2.232B,0.7,0.68,8.378B,0,2014-03,533.00M,115.99B,1.854B,23.38B,6.95B,829.00M,256.00M,2.358B,866.00M,23.46B,184.65B,6.195B,22.72B,10.24B,161.10B,182.07B,150.86B,881.00M,6.95B,0
TFC,2013-12,-593.00M,24.12B,0,0.76,0.75,8.43B,0,2013-12,575.00M,115.41B,1.869B,21.49B,7.095B,990.00M,401.00M,2.521B,902.00M,22.76B,183.01B,6.136B,24.27B,11.23B,160.20B,180.42B,148.97B,918.00M,7.095B,0
TFC,2013-09,-860.00M,25.17B,4.813B,0.38,0.37,8.374B,3.574B,2013-09,305.00M,116.74B,1.876B,20.40B,6.257B,759.00M,450.00M,2.396B,879.00M,22.05B,181.05B,6.128B,25.58B,11.07B,158.96B,177.82B,147.89B,901.00M,6.257B,245.00M
TFC,2013-06,-784.00M,26.66B,3.192B,0.78,0.77,8.336B,3.47B,2013-06,560.00M,116.38B,1.893B,19.36B,7.106B,797.00M,221.00M,2.546B,929.00M,21.94B,182.74B,6.118B,27.16B,10.30B,160.74B,179.47B,150.44B,929.00M,7.106B,299.00M
TFC,2013-03,-612.00M,27.08B,3.239B,0.3,0.29,8.205B,0,2013-03,240.00M,115.65B,1.88B,18.32B,6.701B,737.00M,481.00M,2.482B,876.00M,21.16B,180.84B,5.623B,27.75B,9.94B,159.61B,177.26B,149.67B,898.00M,6.701B,368.00M
TFC,2012-12,-559.00M,28.05B,2.346B,0.72,0.71,8.104B,0,2012-12,536.00M,116.35B,1.888B,19.11B,8.223B,756.00M,207.00M,2.593B,920.00M,21.16B,184.50B,5.615B,28.18B,11.09B,163.28B,180.71B,152.19B,935.00M,8.223B,656.00M
TFC,2012-09,-409.00M,3.341B,0,0.67,0.66,7.436B,0,2012-09,494.00M,115.56B,1.94B,19.22B,9.157B,673.00M,177.00M,2.536B,887.00M,20.48B,182.02B,5.177B,4.159B,12.25B,161.49B,177.86B,149.24B,875.00M,9.157B,831.00M
TFC,2012-06,-541.00M,3.655B,0,0.73,0.72,7.689B,0,2012-06,518.00M,111.68B,1.816B,22.56B,7.787B,729.00M,191.00M,2.502B,849.00M,18.86B,178.53B,4.053B,4.698B,10.98B,159.60B,173.83B,148.62B,876.00M,7.787B,949.00M
TFC,2012-03,-616.00M,3.80B,0,0.62,0.61,7.195B,0,2012-03,431.00M,108.50B,1.822B,22.77B,6.509B,634.00M,189.00M,2.364B,787.00M,17.82B,174.75B,3.492B,5.001B,9.945B,156.87B,169.33B,146.92B,797.00M,6.509B,1.10B
TFC,2011-12,-713.00M,26.54B,0,0.56,0.55,7.084B,0,2011-12,391.00M,108.95B,1.855B,21.80B,6.791B,484.00M,84.00M,2.663B,717.00M,17.42B,174.58B,3.486B,27.78B,10.36B,157.10B,169.12B,146.74B,893.00M,6.791B,1.221B
TFC,2011-09,-356.00M,4.219B,0,0.52,0.52,7.022B,0,2011-09,366.00M,105.09B,1.864B,22.15B,6.463B,439.00M,68.00M,2.106B,747.00M,17.48B,167.68B,3.486B,5.625B,10.42B,150.14B,162.03B,139.72B,716.00M,6.463B,1.446B
TFC,2011-06,-574.00M,2.536B,0,0.44,0.44,7.352B,0,2011-06,307.00M,102.83B,1.846B,23.38B,5.975B,418.00M,91.00M,2.151B,828.00M,16.98B,159.31B,3.484B,4.232B,10.82B,142.26B,155.06B,131.44B,841.00M,5.975B,0
