Ticker,Date,Accrued Comprehensive Inc,Cash and Short Term Investments,Cost of Goods Sold,Current Debt & Capital Lease Obligation,Current Deferred Liabilities,EPS Basic,EPS Diluted,Goodwill and Intangibles,Gross PP&E,Gross Profit,Income (Quarterly),Inventories,Net Income,Net Non-Operating Interest Income Expense,Net Operating Interest Income,Net PP&E,Non-Current Deferred Liabilities,Non-Current Portion of LTD and Capital Lease Obligation,Operating Income,Payables and Accrued Expenses,Pre-Tax Income,Provision for Income Taxes,Research and Development Expense,Revenue,SG&A Expense,Shareholders Equity,Total Assets,Total Capital Stock,Total Current Assets,Total Current Liabilities,Total Liabilities,Total Long Term Assets,Total Long Term Liabilities,Total Operating Expenses,Total Payables,Total Receivables
TFX,2020-12,-297.30M,375.88M,327.62M,100.50M,0,1.63,1.61,5.106B,1.127B,383.55M,2020-12,513.20M,76.13M,-18.52M,-18.52M,574.55M,484.68M,2.464B,116.88M,385.66M,76.56M,-0.04M,33.77M,711.18M,232.91M,3.336B,7.153B,47.81M,1.422B,540.03M,3.816B,5.730B,3.276B,266.68M,119.88M,395.07M
TFX,2020-09,-323.69M,347.48M,298.98M,91.75M,0,2.51,2.46,4.593B,548.17M,329.32M,2020-09,526.12M,116.59M,-16.44M,-16.44M,548.17M,486.35M,2.127B,128.43M,346.66M,115.65M,-0.951M,29.22M,628.30M,171.67M,3.236B,6.613B,47.70M,1.421B,475.25M,3.377B,5.193B,2.902B,200.89M,107.79M,390.48M
TFX,2020-06,-346.82M,553.54M,288.66M,83.00M,0,0.25,0.24,4.604B,534.38M,278.37M,2020-06,514.76M,11.46M,-15.52M,-15.52M,534.38M,488.97M,2.421B,57.82M,316.53M,23.29M,11.85M,29.36M,567.03M,191.19M,3.097B,6.765B,47.60M,1.545B,456.62M,3.668B,5.221B,3.211B,220.56M,125.48M,374.89M
TFX,2020-03,-364.72M,406.48M,297.02M,53.62M,0,2.83,2.78,4.630B,534.74M,333.62M,2020-03,488.86M,131.15M,-14.86M,-14.86M,534.74M,489.68M,2.437B,158.43M,300.93M,142.23M,11.07M,27.40M,630.64M,147.80M,3.073B,6.702B,47.56M,1.447B,402.30M,3.629B,5.255B,3.226B,175.19M,111.34M,441.71M
TFX,2019-12,-344.39M,301.08M,303.23M,50.00M,0,2.34,2.29,4.402B,1.027B,377.72M,2019-12,476.56M,108.26M,-16.82M,-16.82M,543.88M,439.56M,1.960B,126.54M,331.57M,101.30M,-6.511M,31.13M,680.95M,220.05M,2.979B,6.310B,47.54M,1.306B,563.06M,3.330B,5.003B,2.767B,251.18M,109.61M,418.67M
TFX,2019-09,-364.50M,257.54M,293.24M,50.00M,0,4.95,4.85,4.407B,544.76M,355.08M,2019-09,472.59M,228.93M,-19.08M,-19.08M,544.76M,468.94M,2.053B,117.80M,315.02M,98.55M,-130.38M,27.98M,648.32M,209.29M,2.853B,6.257B,47.46M,1.238B,530.36M,3.404B,5.020B,2.874B,237.28M,103.93M,396.66M
TFX,2019-06,-325.91M,303.90M,300.27M,50.00M,0,1.81,1.77,4.492B,533.02M,352.24M,2019-06,461.32M,83.38M,-20.29M,-20.29M,533.02M,604.86M,2.178B,109.14M,295.10M,87.17M,3.844M,27.60M,652.51M,215.50M,2.665B,6.314B,47.40M,1.245B,493.89M,3.650B,5.069B,3.156B,243.10M,112.51M,382.14M
TFX,2019-03,-340.69M,271.21M,289.61M,86.62M,0,0.89,0.87,4.522B,522.24M,323.97M,2019-03,445.57M,40.90M,-22.35M,-22.35M,522.24M,610.61M,2.174B,89.90M,303.33M,52.89M,10.97M,27.15M,613.58M,206.92M,2.570B,6.268B,47.32M,1.183B,520.92M,3.698B,5.085B,3.177B,234.07M,110.17M,375.76M
TFX,2018-12,-341.08M,357.16M,357.42M,86.62M,0,1.97,1.93,4.572B,889.70M,284.20M,2018-12,427.78M,90.59M,-23.09M,-23.09M,432.77M,608.22M,2.072B,119.48M,320.90M,96.18M,8.664M,27.80M,641.62M,136.91M,2.540B,6.278B,47.25M,1.236B,582.46M,3.738B,5.042B,3.156B,164.71M,112.65M,366.29M
TFX,2018-09,-289.17M,356.28M,267.10M,77.25M,0,1.23,1.21,4.486B,0,342.57M,2018-09,411.07M,56.52M,-26.85M,-26.85M,421.26M,606.08M,2.076B,101.31M,331.31M,55.25M,-1.286M,26.36M,609.67M,214.89M,2.507B,6.201B,47.19M,1.241B,549.29M,3.694B,4.960B,3.144B,241.26M,110.98M,374.34M
TFX,2018-06,-306.42M,346.30M,265.09M,86.88M,0,-0.05,-0.05,4.527B,789.45M,344.78M,2018-06,405.43M,-2.496M,-26.47M,-26.47M,410.98M,596.43M,2.145B,88.84M,301.21M,7.024M,9.576M,26.02M,609.87M,229.92M,2.434B,6.175B,47.08M,1.185B,536.44M,3.741B,4.990B,3.205B,255.94M,100.43M,359.12M
TFX,2018-03,-182.40M,378.87M,255.96M,77.50M,0,1.24,1.2,4.655B,664.12M,331.27M,2018-03,403.68M,56.18M,-25.67M,-25.67M,389.52M,616.71M,2.154B,89.91M,300.24M,61.17M,6.242M,26.03M,587.23M,215.34M,2.560B,6.301B,46.97M,1.205B,551.77M,3.740B,5.095B,3.188B,241.36M,98.19M,359.14M
TFX,2017-12,-265.09M,333.56M,264.38M,86.62M,0,-0.95,-0.95,4.619B,0,330.73M,2017-12,395.74M,-42.66M,-23.51M,-23.51M,383.00M,603.68M,2.163B,91.97M,313.97M,67.40M,110.24M,25.47M,595.11M,213.29M,2.431B,6.181B,46.87M,1.129B,483.88M,3.751B,5.053B,3.267B,238.76M,103.54M,345.88M
TFX,2017-09,-275.45M,1.018B,239.48M,77.25M,0,1.71,1.65,3.493B,0,295.23M,2017-09,382.42M,77.02M,-20.98M,-20.98M,374.46M,471.67M,2.173B,110.26M,287.89M,89.38M,9.978M,21.19M,534.70M,163.77M,2.472B,5.681B,46.86M,1.767B,374.64M,3.208B,3.914B,2.834B,184.96M,98.28M,306.47M
TFX,2017-06,-319.30M,676.21M,238.33M,112.04M,0,1.73,1.67,3.467B,0,290.28M,2017-06,368.53M,78.00M,-19.73M,-19.73M,369.30M,468.03M,1.888B,111.07M,254.71M,90.46M,12.10M,20.28M,528.61M,158.93M,2.359B,5.290B,46.82M,1.408B,376.05M,2.931B,3.882B,2.555B,179.21M,85.41M,303.70M
TFX,2017-03,-389.12M,689.13M,232.32M,131.10M,0,0.89,0.86,3.436B,0,255.56M,2017-03,355.29M,40.17M,-17.56M,-17.56M,355.23M,460.65M,1.958B,73.76M,251.06M,37.68M,-2.669M,17.83M,487.88M,163.97M,2.219B,5.232B,46.80M,1.395B,392.36M,3.014B,3.837B,2.621B,181.80M,90.06M,282.87M
TFX,2016-12,-438.72M,543.79M,240.88M,183.07M,0,1.39,1.3,2.368B,0,273.05M,2016-12,316.17M,61.06M,-16.21M,-16.21M,302.90M,271.38M,850.25M,113.18M,235.59M,50.82M,-10.06M,15.69M,513.93M,144.18M,2.139B,3.891B,45.81M,1.183B,427.65M,1.752B,2.708B,1.324B,159.87M,77.31M,271.99M
TFX,2016-09,-356.15M,499.46M,214.05M,181.90M,0,1.51,1.4,2.470B,0,241.60M,2016-09,341.83M,66.32M,-12.77M,-12.77M,322.02M,311.39M,849.97M,86.74M,244.85M,73.71M,7.514M,15.07M,455.65M,139.80M,2.170B,4.002B,45.80M,1.164B,452.40M,1.832B,2.838B,1.379B,154.86M,81.52M,261.83M
TFX,2016-06,-356.37M,476.49M,217.15M,173.95M,0,1.36,1.26,2.476B,0,256.40M,2016-06,338.46M,59.30M,-11.78M,-11.78M,314.66M,317.33M,907.93M,97.94M,225.89M,67.40M,8.007M,15.47M,473.55M,142.98M,2.119B,4.000B,45.78M,1.162B,423.80M,1.879B,2.838B,1.455B,158.46M,85.74M,273.53M
TFX,2016-03,-347.93M,392.56M,199.75M,421.20M,0,1.22,1.04,2.492B,0,225.15M,2016-03,338.91M,50.69M,-13.70M,-13.70M,318.18M,322.04M,641.97M,76.45M,233.48M,53.79M,2.613M,12.35M,424.89M,136.35M,2.072B,3.943B,43.58M,1.085B,674.68M,1.869B,2.858B,1.195B,148.70M,86.01M,274.66M
TFX,2015-12,-371.12M,338.37M,224.18M,417.35M,0,2.43,2.09,2.496B,656.06M,260.32M,2015-12,330.28M,101.12M,-13.56M,-13.56M,316.12M,315.98M,641.85M,98.88M,230.52M,83.19M,-7.577M,13.22M,484.50M,148.22M,2.009B,3.872B,43.52M,1.004B,664.12M,1.861B,2.868B,1.197B,161.44M,74.36M,262.42M
TFX,2015-09,-349.90M,276.46M,215.50M,416.68M,0,1.46,1.25,2.496B,675.50M,228.21M,2015-09,345.90M,60.82M,-14.18M,-14.18M,313.24M,406.10M,646.00M,76.80M,229.59M,62.37M,0.803M,12.57M,443.71M,138.84M,1.939B,3.908B,43.52M,1.036B,657.47M,1.967B,2.872B,1.309B,151.41M,77.63M,273.00M
TFX,2015-06,-321.11M,325.01M,218.81M,415.99M,0,1.07,0.93,2.503B,679.42M,233.24M,2015-06,347.10M,44.56M,-16.05M,-16.05M,315.54M,433.26M,696.00M,77.57M,229.46M,50.48M,5.28M,13.44M,452.04M,142.23M,1.918B,3.984B,43.51M,1.103B,661.89M,2.064B,2.882B,1.402B,155.67M,86.06M,286.37M
TFX,2015-03,-342.10M,308.76M,206.79M,401.56M,0,0.92,0.81,2.477B,0,222.64M,2015-03,338.74M,38.35M,-17.00M,-17.00M,310.11M,426.77M,700.00M,70.06M,243.95M,48.60M,9.332M,12.88M,429.43M,139.70M,1.858B,3.924B,43.45M,1.071B,664.42M,2.063B,2.853B,1.399B,152.58M,92.87M,284.83M
TFX,2014-12,-260.90M,303.24M,234.99M,368.40M,0,1.23,1.08,2.540B,0,241.02M,2014-12,335.59M,50.64M,-16.60M,-16.60M,317.44M,399.20M,700.00M,70.51M,244.86M,52.56M,0.426M,17.24M,476.01M,153.26M,1.911B,3.923B,43.42M,995.91M,632.77M,2.009B,2.927B,1.376B,170.50M,77.87M,273.70M
TFX,2014-09,-149.45M,286.38M,221.01M,365.36M,0,1.32,1.18,2.560B,0,236.17M,2014-09,353.23M,54.83M,-17.02M,-17.02M,347.23M,494.88M,700.00M,83.04M,265.73M,64.91M,9.684M,14.87M,457.17M,138.25M,1.982B,4.058B,43.40M,1.077B,676.32M,2.074B,2.981B,1.398B,153.12M,97.77M,287.18M
TFX,2014-06,-104.25M,237.38M,224.02M,362.27M,0,1.14,1.02,2.607B,0,244.09M,2014-06,356.47M,47.25M,-15.92M,-15.92M,343.41M,517.43M,700.00M,82.38M,251.95M,58.84M,10.01M,14.87M,468.10M,146.84M,1.982B,4.064B,43.39M,1.041B,652.49M,2.079B,3.023B,1.427B,161.71M,95.35M,301.72M
TFX,2014-03,-106.11M,421.65M,217.39M,359.26M,0,0.85,0.76,2.623B,0,221.16M,2014-03,349.74M,34.96M,-15.22M,-15.22M,328.68M,523.44M,930.00M,66.80M,247.25M,43.80M,8.534M,14.06M,438.55M,140.30M,1.942B,4.242B,43.36M,1.221B,631.81M,2.297B,3.022B,1.665B,154.36M,98.54M,295.51M
TFX,2013-12,-110.86M,431.98M,225.60M,356.29M,0,0.85,0.77,2.610B,0,224.94M,2013-12,333.62M,34.83M,-14.17M,-14.17M,325.90M,514.72M,930.00M,63.31M,252.47M,39.89M,4.589M,17.88M,450.54M,143.76M,1.914B,4.209B,43.24M,1.201B,635.12M,2.293B,3.008B,1.658B,161.63M,95.79M,295.29M
TFX,2013-09,-138.38M,326.44M,209.80M,4.70M,0,1.13,1.08,2.290B,0,203.99M,2013-09,346.12M,46.57M,-13.80M,-13.80M,320.54M,417.08M,980.69M,73.13M,244.59M,50.99M,5.209M,15.64M,413.80M,115.23M,1.860B,3.788B,43.22M,1.110B,267.82M,1.926B,2.678B,1.658B,130.87M,91.75M,313.71M
TFX,2013-06,-162.76M,281.42M,210.57M,4.70M,2.008M,1.03,0.98,2.293B,626.52M,209.49M,2013-06,348.61M,42.44M,-14.27M,-14.27M,311.46M,413.55M,970.82M,76.71M,242.64M,49.48M,6.082M,16.52M,420.06M,116.25M,1.799B,3.724B,43.20M,1.057B,263.24M,1.923B,2.667B,1.659B,132.78M,94.41M,311.88M
TFX,2013-03,-157.52M,306.55M,211.36M,4.70M,2.68M,0.66,0.63,2.271B,566.05M,200.52M,2013-03,332.82M,27.04M,-14.04M,-14.04M,300.83M,409.29M,968.04M,58.56M,228.81M,35.37M,7.667M,15.01M,411.88M,126.95M,1.772B,3.694B,43.18M,1.058B,261.47M,1.919B,2.636B,1.657B,141.96M,84.60M,307.02M
TFX,2012-12,-132.05M,337.04M,219.88M,4.70M,2.577M,0.72,0.72,2.297B,0,199.18M,2012-12,323.35M,29.32M,-14.37M,-14.37M,297.94M,418.87M,965.28M,61.39M,241.13M,44.07M,13.45M,16.26M,419.06M,121.52M,1.779B,3.734B,43.10M,1.073B,275.30M,1.952B,2.660B,1.677B,137.79M,92.06M,297.98M
TFX,2012-09,-159.35M,634.83M,187.49M,4.70M,1.05M,0.53,0.52,2.045B,0,180.57M,2012-09,295.61M,21.74M,-18.15M,-18.15M,267.39M,393.19M,962.60M,50.93M,174.36M,31.69M,7.237M,14.76M,368.05M,114.88M,1.753B,3.671B,42.92M,1.293B,248.68M,1.915B,2.378B,1.667B,129.64M,101.48M,266.95M
TFX,2012-06,0,544.99M,198.97M,4.70M,5.725M,1.04,1.04,2.034B,0,184.36M,2012-06,284.56M,42.61M,-17.73M,-17.73M,253.68M,397.45M,959.94M,64.71M,174.62M,46.99M,-0.278M,13.70M,383.33M,105.95M,1.689B,3.607B,0,1.250B,242.67M,1.915B,2.357B,1.672B,119.65M,82.29M,275.17M
TFX,2012-03,0,590.92M,196.45M,4.70M,20.64M,-6.96,-6.96,1.991B,0,184.11M,2012-03,298.97M,-283.74M,-17.73M,-17.73M,263.42M,412.66M,957.36M,60.42M,209.70M,-288.11M,-3.998M,11.55M,380.57M,112.14M,1.719B,3.650B,0,1.323B,275.35M,1.928B,2.327B,1.653B,123.69M,113.58M,310.93M
TFX,2011-12,0,584.09M,213.29M,4.986M,20.12M,4.13,4.1,2.318B,0,189.75M,2011-12,298.78M,167.80M,-18.62M,-18.62M,251.91M,420.83M,954.81M,66.06M,237.73M,44.45M,2.644M,12.91M,403.04M,110.78M,1.981B,3.924B,0,1.280B,271.01M,1.941B,2.644B,1.670B,123.69M,88.18M,286.23M
TFX,2011-09,0,371.70M,187.11M,29.70M,0,1.07,1.07,2.355B,0,175.63M,2011-09,311.42M,43.65M,-18.86M,-18.86M,250.58M,383.56M,952.32M,61.73M,213.14M,43.05M,10.12M,12.32M,362.74M,101.58M,1.932B,3.869B,0,1.186B,383.97M,1.932B,2.682B,1.548B,113.90M,86.94M,277.34M
TFX,2011-06,0,365.81M,199.82M,29.70M,0,0.84,0.83,2.393B,0,181.35M,2011-06,293.82M,34.07M,-15.53M,-15.53M,255.25M,392.56M,949.87M,59.06M,199.45M,39.53M,8.436M,12.46M,381.17M,109.84M,1.946B,3.878B,0,1.149B,364.28M,1.928B,2.729B,1.564B,122.29M,71.34M,308.26M
TFX,2011-03,0,202.30M,189.50M,29.70M,0,1.94,1.92,2.397B,0,164.50M,2011-03,319.90M,77.81M,-16.04M,-16.04M,274.33M,387.00M,822.47M,50.26M,212.83M,19.03M,4.915M,11.04M,354.00M,103.21M,1.885B,3.679B,0,925.92M,341.91M,1.790B,2.753B,1.448B,114.24M,87.30M,300.18M
