Ticker,Date,Accrued Comprehensive Inc,Cash and Short Term Investments,Cost of Goods Sold,Current Debt & Capital Lease Obligation,Current Deferred Liabilities,EPS Basic,EPS Diluted,Goodwill and Intangibles,Gross PP&E,Gross Profit,Income (Quarterly),Inventories,Net Income,Net Non-Operating Interest Income Expense,Net Operating Interest Income,Net PP&E,Non-Current Deferred Liabilities,Non-Current Portion of LTD and Capital Lease Obligation,Operating Income,Payables and Accrued Expenses,Pre-Tax Income,Provision for Income Taxes,Research and Development Expense,Revenue,SG&A Expense,Shareholders Equity,Total Assets,Total Capital Stock,Total Current Assets,Total Current Liabilities,Total Liabilities,Total Long Term Assets,Total Long Term Liabilities,Total Operating Expenses,Total Payables,Total Receivables
TMO,2020-12,-2.807B,10.32B,4.994B,2.628B,1.271B,6.3,6.24,38.73B,9.577B,5.556B,2020-12,4.029B,2.498B,-134.00M,-134.00M,5.912B,1.794B,19.11B,3.103B,6.405B,2.892B,394.00M,376.00M,10.55B,2.077B,34.51B,69.05B,437.00M,21.96B,10.30B,34.54B,47.10B,24.24B,2.453B,2.175B,6.472B
TMO,2020-09,-2.97B,7.54B,4.19B,2.00M,1.047B,4.88,4.84,38.65B,7.764B,4.331B,2020-09,3.829B,1.933B,-135.00M,-135.00M,5.18B,1.528B,21.09B,2.443B,5.179B,2.252B,319.00M,296.00M,8.521B,1.592B,31.82B,64.06B,437.00M,18.23B,6.228B,32.24B,45.83B,26.01B,1.888B,1.703B,5.883B
TMO,2020-06,-2.989B,5.818B,3.54B,675.00M,975.00M,2.92,2.9,38.87B,6.82B,3.377B,2020-06,3.648B,1.156B,-129.00M,-129.00M,4.887B,1.75B,20.64B,1.403B,4.363B,1.253B,97.00M,264.00M,6.917B,1.71B,29.88B,61.59B,436.00M,15.78B,6.013B,31.72B,45.82B,25.70B,1.974B,1.385B,5.164B
TMO,2020-03,-3.088B,2.981B,3.49B,738.00M,938.00M,1.99,1.97,39.16B,6.605B,2.74B,2020-03,3.454B,788.00M,-90.00M,-90.00M,4.736B,2.137B,19.23B,944.00M,3.824B,828.00M,40.00M,245.00M,6.23B,1.551B,28.56B,58.69B,435.00M,12.74B,5.50B,30.13B,45.95B,24.63B,1.796B,1.599B,5.166B
TMO,2019-12,-2.679B,2.399B,3.794B,676.00M,916.00M,2.51,2.49,39.73B,0,3.035B,2019-12,3.37B,1.002B,-97.00M,-97.00M,4.749B,2.192B,17.08B,1.261B,4.605B,1.038B,36.00M,262.00M,6.829B,1.512B,29.68B,58.38B,434.00M,11.89B,6.197B,28.71B,46.49B,22.51B,1.774B,1.92B,4.952B
TMO,2019-09,-2.722B,1.273B,3.509B,661.00M,943.00M,1.89,1.88,39.94B,0,2.763B,2019-09,3.308B,760.00M,-112.00M,-112.00M,4.42B,2.001B,16.39B,977.00M,4.24B,822.00M,62.00M,247.00M,6.272B,1.539B,29.36B,56.73B,434.00M,10.51B,5.844B,27.37B,46.22B,21.53B,1.786B,1.659B,4.384B
TMO,2019-06,-2.63B,2.288B,3.493B,2.377B,1.062B,2.8,2.77,40.62B,0,2.823B,2019-06,3.209B,1.119B,-121.00M,-121.00M,4.394B,1.936B,16.66B,1.012B,4.07B,1.393B,274.00M,246.00M,6.316B,1.565B,28.73B,57.97B,433.00M,11.22B,7.509B,29.24B,46.75B,21.73B,1.811B,1.391B,4.129B
TMO,2019-03,-2.509B,1.106B,3.418B,1.336B,967.00M,2.04,2.02,39.72B,0,2.707B,2019-03,3.124B,815.00M,-122.00M,-122.00M,4.192B,2.145B,16.81B,931.00M,3.595B,817.00M,2.00M,248.00M,6.125B,1.528B,27.69B,55.60B,433.00M,9.939B,5.898B,27.90B,45.66B,22.00B,1.776B,1.462B,4.155B
TMO,2018-12,-2.498B,2.103B,3.583B,1.271B,809.00M,2.23,2.22,40.32B,0,2.924B,2018-12,3.005B,898.00M,-127.00M,-127.00M,4.165B,2.265B,17.72B,1.163B,4.067B,1.012B,114.00M,251.00M,6.507B,1.51B,27.59B,56.23B,432.00M,10.62B,6.147B,28.65B,45.61B,22.50B,1.761B,1.615B,4.595B
TMO,2018-09,-2.519B,1.098B,3.305B,1.014B,797.00M,1.76,1.75,40.36B,0,2.615B,2018-09,2.982B,709.00M,-121.00M,-121.00M,3.978B,2.55B,17.76B,885.00M,3.385B,810.00M,101.00M,240.00M,5.92B,1.49B,26.89B,55.08B,431.00M,9.566B,5.196B,28.19B,45.51B,22.99B,1.73B,1.344B,4.257B
TMO,2018-06,-2.491B,937.00M,3.34B,1.711B,816.00M,1.87,1.85,40.80B,6.474B,2.738B,2018-06,2.866B,752.00M,-139.00M,-139.00M,3.952B,2.599B,17.71B,954.00M,3.453B,806.00M,54.00M,242.00M,6.078B,1.542B,26.44B,55.40B,430.00M,9.474B,5.98B,28.96B,45.93B,22.98B,1.784B,1.359B,4.441B
TMO,2018-03,-2.042B,950.00M,3.273B,2.814B,909.00M,1.44,1.43,41.76B,6.52B,2.58B,2018-03,2.891B,579.00M,-143.00M,-143.00M,4.059B,2.606B,18.12B,831.00M,3.349B,634.00M,55.00M,234.00M,5.853B,1.515B,26.12B,56.58B,429.00M,9.588B,7.072B,30.46B,46.99B,23.38B,1.749B,1.354B,4.53B
TMO,2017-12,-2.003B,1.335B,3.376B,2.135B,719.00M,1.32,1.3,41.97B,6.339B,2.671B,2017-12,2.971B,528.00M,-146.00M,-146.00M,4.047B,2.766B,18.87B,959.00M,4.194B,820.00M,290.00M,233.00M,6.047B,1.479B,25.41B,56.67B,428.00M,9.421B,7.048B,31.26B,47.25B,24.21B,1.712B,1.428B,3.879B
TMO,2017-09,-2.183B,741.10M,2.816B,2.762B,747.30M,1.35,1.34,42.16B,6.086B,2.30B,2017-09,3.126B,534.00M,-132.00M,-132.00M,3.932B,3.135B,19.23B,683.00M,3.522B,480.00M,-54.00M,217.00M,5.116B,1.40B,24.70B,55.99B,428.00M,8.844B,7.031B,31.28B,47.14B,24.25B,1.617B,1.250B,4.209B
TMO,2017-06,-2.256B,611.00M,2.706B,1.540B,542.10M,1.57,1.56,35.42B,4.688B,2.284B,2017-06,2.422B,612.00M,-116.00M,-116.00M,2.600B,2.320B,15.26B,771.00M,2.993B,626.00M,13.00M,222.00M,4.99B,1.291B,22.39B,46.51B,416.90M,7.452B,5.076B,24.12B,39.06B,19.05B,1.513B,1.072B,3.673B
TMO,2017-03,-2.474B,713.30M,2.572B,1.882B,538.90M,1.41,1.4,35.38B,4.513B,2.193B,2017-03,2.327B,551.00M,-117.00M,-117.00M,2.563B,2.463B,15.19B,644.00M,2.882B,503.00M,-48.00M,215.00M,4.765B,1.334B,21.80B,46.21B,416.40M,7.248B,5.303B,24.42B,38.97B,19.12B,1.549B,1.113B,3.524B
TMO,2016-12,-2.636B,786.00M,2.671B,1.255B,486.00M,1.6,1.59,35.30B,4.416B,2.282B,2016-12,2.213B,629.70M,-117.10M,-117.10M,2.578B,2.557B,15.37B,809.50M,3.125B,652.00M,19.60M,211.80M,4.953B,1.260B,21.54B,45.91B,415.00M,7.021B,4.866B,24.37B,38.89B,19.50B,1.472B,926.00M,3.427B
TMO,2016-09,-2.155B,1.97B,2.437B,1.972B,492.20M,1.2,1.19,36.10B,4.465B,2.054B,2016-09,2.391B,473.50M,-102.90M,-102.90M,2.599B,2.715B,16.94B,596.00M,2.796B,427.90M,-45.60M,183.30M,4.491B,1.275B,21.66B,48.01B,415.00M,8.204B,5.260B,26.35B,39.81B,21.09B,1.458B,965.40M,2.895B
TMO,2016-06,-2.082B,663.10M,2.457B,2.516B,358.50M,1.31,1.3,32.39B,4.271B,2.078B,2016-06,2.086B,516.60M,-105.60M,-105.60M,2.452B,2.482B,11.63B,673.00M,2.654B,521.10M,4.30M,182.40M,4.535B,1.223B,21.26B,42.25B,414.00M,6.331B,5.528B,20.99B,35.92B,15.46B,1.406B,868.30M,2.709B
TMO,2016-03,-1.867B,826.80M,2.337B,3.383B,360.50M,1.02,1.01,32.87B,4.231B,1.958B,2016-03,2.155B,402.20M,-95.40M,-95.40M,2.483B,2.694B,11.65B,568.50M,2.579B,423.00M,20.70M,176.50M,4.295B,1.213B,20.92B,42.95B,413.30M,6.539B,6.323B,22.03B,36.41B,15.71B,1.389B,908.70M,2.668B
TMO,2015-12,-1.997B,452.10M,2.544B,1.052B,317.90M,1.51,1.5,31.59B,4.114B,2.108B,2015-12,1.992B,602.20M,-94.00M,-94.00M,2.449B,2.623B,11.42B,738.10M,2.777B,582.30M,-23.70M,180.00M,4.652B,1.190B,21.35B,40.83B,411.90M,5.741B,4.146B,19.48B,35.09B,15.34B,1.370B,1.035B,2.763B
TMO,2015-09,-1.886B,503.40M,2.240B,3.034B,320.90M,1.19,1.18,31.76B,4.032B,1.883B,2015-09,1.987B,476.10M,-93.40M,-93.40M,2.392B,3.032B,10.28B,578.40M,2.380B,468.10M,-9.20M,171.60M,4.123B,1.133B,20.85B,41.15B,411.40M,6.026B,5.735B,20.30B,35.12B,14.56B,1.305B,834.70M,2.544B
TMO,2015-06,-1.595B,770.40M,2.329B,3.360B,334.30M,1.28,1.27,32.19B,3.992B,1.942B,2015-06,1.962B,511.60M,-95.20M,-95.20M,2.407B,3.135B,10.66B,616.20M,2.406B,503.60M,-8.00M,174.60M,4.271B,1.151B,20.68B,41.77B,410.60M,6.237B,6.100B,21.09B,35.54B,14.99B,1.326B,860.00M,2.631B
TMO,2015-03,-1.847B,873.00M,2.096B,4.161B,332.90M,0.97,0.96,32.36B,3.869B,1.822B,2015-03,1.899B,385.10M,-101.40M,-101.40M,2.384B,3.223B,10.70B,519.30M,2.368B,382.00M,-3.10M,165.80M,3.919B,1.137B,19.91B,41.86B,410.20M,6.180B,6.861B,21.94B,35.68B,15.08B,1.303B,866.70M,2.538B
TMO,2014-12,-1.285B,1.344B,2.401B,2.212B,311.90M,1.51,1.49,32.95B,3.869B,2.092B,2014-12,1.860B,601.20M,-106.90M,-106.90M,2.426B,3.431B,12.35B,672.80M,2.826B,537.10M,-66.90M,182.50M,4.493B,1.237B,20.55B,42.85B,408.50M,6.540B,5.350B,22.30B,36.31B,16.95B,1.419B,985.80M,2.474B
TMO,2014-09,-724.30M,543.60M,2.238B,3.088B,325.90M,1.18,1.17,33.75B,3.834B,1.934B,2014-09,1.914B,471.60M,-106.30M,-106.30M,2.406B,3.473B,11.39B,529.70M,2.808B,539.20M,69.30M,175.20M,4.171B,1.229B,20.51B,42.69B,408.00M,5.720B,6.222B,22.18B,36.97B,15.96B,1.404B,1.142B,2.507B
TMO,2014-06,-111.70M,605.90M,2.475B,3.075B,342.50M,0.7,0.69,35.06B,3.890B,1.846B,2014-06,1.934B,278.50M,-113.10M,-113.10M,2.472B,3.788B,12.50B,409.00M,2.818B,236.50M,-42.00M,183.70M,4.322B,1.254B,20.66B,44.31B,407.20M,5.944B,6.236B,23.65B,38.37B,17.42B,1.438B,1.143B,2.660B
TMO,2014-03,-62.80M,1.523B,2.284B,2.166B,336.60M,1.38,1.36,35.51B,3.836B,1.62B,2014-03,2.060B,543.10M,-105.90M,-105.90M,2.489B,3.986B,15.20B,293.30M,2.889B,774.40M,231.30M,149.70M,3.904B,1.177B,20.43B,46.13B,406.80M,7.306B,5.392B,25.70B,38.83B,20.31B,1.327B,1.231B,2.696B
TMO,2013-12,-77.20M,5.830B,1.985B,987.70M,198.90M,0.95,0.92,19.57B,3.081B,1.482B,2013-12,1.494B,342.10M,-62.40M,-62.40M,1.767B,1.610B,9.500B,478.30M,1.939B,377.60M,34.60M,104.70M,3.467B,898.70M,16.86B,31.86B,369.60M,9.881B,3.126B,15.01B,21.98B,11.88B,1.003B,691.50M,1.942B
TMO,2013-09,-150.40M,1.850B,1.844B,393.60M,197.90M,0.88,0.86,19.74B,2.993B,1.348B,2013-09,1.547B,317.60M,-57.20M,-57.20M,1.709B,1.853B,6.718B,403.50M,1.862B,319.00M,1.30M,95.90M,3.192B,848.50M,16.44B,28.27B,419.00M,6.210B,2.453B,11.84B,22.06B,9.382B,944.40M,672.70M,1.945B
TMO,2013-06,-456.00M,1.413B,1.877B,393.30M,215.20M,0.77,0.76,19.72B,2.898B,1.363B,2013-06,1.487B,277.40M,-57.30M,-57.30M,1.689B,1.946B,6.721B,396.90M,1.754B,280.00M,2.40M,96.70M,3.240B,869.60M,15.80B,27.63B,418.10M,5.642B,2.363B,11.83B,21.99B,9.464B,966.30M,648.90M,1.902B
TMO,2013-03,-329.30M,1.008B,1.855B,394.00M,226.10M,0.94,0.93,20.00B,2.849B,1.336B,2013-03,1.475B,336.20M,-57.20M,-57.20M,1.686B,1.998B,6.724B,408.60M,1.683B,342.90M,2.10M,98.20M,3.192B,829.50M,15.60B,27.41B,416.50M,5.136B,2.303B,11.81B,22.27B,9.508B,927.70M,660.60M,1.904B
TMO,2012-12,-150.40M,809.90M,1.873B,93.10M,196.50M,1.05,1.03,20.28B,2.852B,1.386B,2012-12,1.443B,376.40M,-60.00M,-60.00M,1.726B,2.047B,7.031B,431.00M,1.804B,343.50M,-42.30M,98.50M,3.259B,856.60M,15.46B,27.44B,413.50M,4.835B,2.093B,11.98B,22.61B,9.887B,955.10M,641.40M,1.805B
TMO,2012-09,-200.30M,836.50M,1.787B,434.80M,208.40M,0.8,0.79,20.41B,2.754B,1.298B,2012-09,1.517B,290.40M,-54.40M,-54.40M,1.670B,2.009B,7.038B,367.40M,1.501B,296.40M,-3.00M,92.00M,3.086B,839.00M,15.29B,27.58B,410.60M,4.947B,2.522B,12.29B,22.63B,9.765B,931.00M,684.30M,1.829B
TMO,2012-06,-457.70M,736.60M,1.787B,786.20M,215.30M,0.64,0.63,19.55B,2.652B,1.321B,2012-06,1.391B,233.80M,-50.70M,-50.70M,1.602B,2.108B,5.746B,392.10M,1.402B,318.40M,26.00M,94.20M,3.108B,835.00M,15.09B,26.36B,408.70M,4.667B,2.703B,11.27B,21.69B,8.564B,929.20M,652.60M,1.804B
TMO,2012-03,-150.90M,792.60M,1.767B,924.20M,227.40M,0.76,0.75,19.82B,2.681B,1.290B,2012-03,1.422B,277.30M,-51.30M,-51.30M,1.665B,2.219B,5.751B,373.70M,1.392B,311.10M,30.30M,91.70M,3.057B,824.30M,15.29B,26.82B,408.50M,4.770B,2.845B,11.53B,22.05B,8.688B,916.00M,691.40M,1.895B
TMO,2011-12,-399.50M,1.021B,1.792B,1.273B,192.50M,0.77,0.77,19.79B,2.575B,1.298B,2011-12,1.330B,288.90M,-50.70M,-50.70M,1.611B,2.229B,5.755B,377.40M,1.648B,312.10M,19.60M,95.50M,3.089B,824.90M,15.04B,26.83B,406.40M,4.822B,3.113B,11.80B,22.01B,8.682B,920.40M,612.30M,1.764B
TMO,2011-09,-279.40M,898.30M,1.714B,1.019B,192.60M,0.7,0.69,20.06B,2.594B,1.219B,2011-09,1.406B,265.40M,-42.70M,-42.70M,1.629B,2.262B,6.115B,327.60M,1.254B,266.40M,0.10M,86.80M,2.933B,804.50M,15.20B,26.99B,406.30M,4.735B,2.792B,11.80B,22.26B,9.003B,891.30M,610.60M,1.811B
TMO,2011-06,266.00M,1.364B,1.693B,18.50M,205.00M,1.37,1.36,17.02B,2.493B,1.161B,2011-06,1.350B,523.40M,-32.30M,-32.30M,1.510B,1.957B,4.009B,304.90M,1.330B,254.80M,37.70M,83.20M,2.854B,772.90M,15.67B,24.07B,405.90M,5.005B,1.817B,8.408B,19.07B,6.591B,856.10M,664.00M,1.683B
TMO,2011-03,164.00M,2.794B,1.601B,2.499B,193.20M,0.65,0.64,14.90B,2.283B,1.120B,2011-03,1.264B,252.20M,-22.80M,-22.80M,1.389B,1.606B,1.801B,336.80M,1.202B,299.00M,51.80M,74.80M,2.721B,708.70M,15.25B,23.43B,403.40M,6.189B,4.146B,8.176B,17.24B,4.030B,783.50M,649.30M,1.566B
