Ticker,Date,Accrued Comprehensive Inc,Cash and Short Term Investments,Cost of Goods Sold,Current Debt & Capital Lease Obligation,Current Deferred Liabilities,EPS Basic,EPS Diluted,Goodwill and Intangibles,Gross PP&E,Gross Profit,Income (Quarterly),Inventories,Net Income,Net Non-Operating Interest Income Expense,Net Operating Interest Income,Net PP&E,Non-Current Deferred Liabilities,Non-Current Portion of LTD and Capital Lease Obligation,Operating Income,Payables and Accrued Expenses,Pre-Tax Income,Provision for Income Taxes,Revenue,SG&A Expense,Shareholders Equity,Total Assets,Total Capital Stock,Total Current Assets,Total Current Liabilities,Total Liabilities,Total Long Term Assets,Total Long Term Liabilities,Total Operating Expenses,Total Payables,Total Receivables
TMUS,2020-12,-1.581B,10.38B,9.652B,9.51B,1.03B,0.6,0.6,99.24B,114.62B,10.69B,2020-12,2.527B,750.00M,-790.00M,-790.00M,72.22B,9.966B,94.71B,1.712B,9.19B,821.00M,71.00M,20.34B,4.758B,65.34B,200.16B,0,23.88B,21.70B,134.82B,176.28B,113.12B,8.977B,7.261B,7.853B
TMUS,2020-09,-1.621B,6.571B,7.681B,8.421B,1.078B,1.01,1,99.46B,109.88B,11.59B,2020-09,1.931B,1.253B,-806.00M,-806.00M,69.60B,10.37B,91.09B,2.565B,7.373B,1.66B,407.00M,19.27B,4.876B,64.49B,192.44B,0,19.46B,19.84B,127.96B,172.98B,108.12B,9.026B,5.383B,7.415B
TMUS,2020-06,-1.658B,11.08B,6.765B,10.26B,1.185B,0.09,0.09,99.82B,96.42B,10.91B,2020-06,1.549B,110.00M,-833.00M,-833.00M,59.34B,9.996B,84.39B,1.238B,8.292B,-208.00M,2.00M,17.67B,5.604B,63.00B,187.20B,0,24.32B,23.19B,124.20B,162.88B,101.01B,9.668B,6.328B,6.573B
TMUS,2020-03,-1.66B,1.112B,4.168B,5.105B,619.00M,1.11,1.1,38.49B,35.85B,6.945B,2020-03,1.225B,951.00M,-272.00M,-272.00M,35.85B,5.618B,34.69B,1.539B,6.231B,1.257B,306.00M,11.11B,3.688B,28.98B,87.23B,0,9.487B,14.76B,58.25B,77.74B,43.49B,5.406B,6.231B,4.268B
TMUS,2019-12,-868.00M,1.528B,5.212B,3.269B,631.00M,0.88,0.87,38.51B,68.75B,6.666B,2019-12,964.00M,751.00M,-273.00M,-273.00M,35.63B,5.607B,36.83B,1.234B,6.131B,965.00M,214.00M,11.88B,3.656B,28.79B,86.92B,0,9.305B,12.51B,58.13B,77.62B,45.63B,5.432B,5.191B,4.508B
TMUS,2019-09,-1.07B,1.653B,4.437B,3.72B,608.00M,1.02,1.01,38.52B,35.87B,6.624B,2019-09,801.00M,870.00M,-279.00M,-279.00M,35.87B,5.296B,23.01B,1.471B,6.658B,1.195B,325.00M,11.06B,3.498B,27.77B,86.11B,0,8.458B,12.87B,58.34B,77.65B,45.47B,5.153B,6.658B,4.267B
TMUS,2019-06,-813.00M,1.105B,4.31B,3.531B,620.00M,1.1,1.09,38.49B,34.88B,6.669B,2019-06,998.00M,939.00M,-279.00M,-279.00M,34.88B,5.09B,22.41B,1.541B,7.458B,1.24B,301.00M,10.98B,3.543B,26.97B,84.79B,0,8.114B,13.17B,57.82B,76.67B,44.65B,5.128B,7.458B,4.281B
TMUS,2019-03,-521.00M,1.439B,4.562B,3.961B,665.00M,1.07,1.06,37.69B,33.31B,6.518B,2019-03,1.261B,908.00M,-280.00M,-280.00M,33.31B,4.925B,21.52B,1.476B,7.572B,1.203B,295.00M,11.08B,3.442B,26.18B,83.07B,0,8.745B,13.33B,56.89B,74.33B,43.56B,5.042B,7.572B,4.231B
TMUS,2018-12,-332.00M,1.203B,5.17B,841.00M,698.00M,0.75,0.75,37.66B,54.66B,6.275B,2018-12,1.084B,640.00M,-296.00M,-296.00M,23.36B,7.253B,12.12B,1.137B,7.232B,838.00M,198.00M,11.44B,3.498B,24.72B,72.47B,0,8.281B,10.27B,47.75B,64.19B,37.48B,5.138B,6.329B,4.318B
TMUS,2018-09,0,329.00M,4.448B,783.00M,696.00M,0.94,0.93,37.68B,0,6.391B,2018-09,958.00M,795.00M,-313.00M,-313.00M,22.50B,7.131B,11.99B,1.44B,6.726B,1.13B,335.00M,10.84B,3.314B,24.36B,70.18B,0,7.286B,8.572B,45.83B,62.90B,37.26B,4.951B,6.726B,4.03B
TMUS,2018-06,5.00M,215.00M,4.302B,1.324B,722.00M,0.92,0.92,37.69B,49.50B,6.269B,2018-06,998.00M,782.00M,-318.00M,-318.00M,22.38B,6.833B,12.06B,1.45B,6.876B,1.068B,286.00M,10.57B,3.185B,23.39B,69.69B,0,7.091B,9.281B,46.30B,62.60B,37.02B,4.819B,6.876B,3.949B
TMUS,2018-03,8.00M,2.527B,4.434B,3.765B,791.00M,0.78,0.78,37.70B,45.72B,6.021B,2018-03,1.311B,671.00M,-411.00M,-411.00M,22.31B,6.543B,12.13B,1.282B,7.448B,881.00M,210.00M,10.46B,3.164B,22.88B,72.00B,0,9.609B,12.36B,49.13B,62.40B,36.77B,4.739B,7.448B,3.983B
TMUS,2017-12,4.00M,1.219B,5.039B,1.612B,779.00M,3.22,3.11,37.27B,0,5.72B,2017-12,1.566B,2.707B,-414.00M,-414.00M,22.20B,6.257B,26.71B,944.00M,8.096B,714.00M,-1.993B,10.76B,3.291B,22.56B,70.56B,0,8.915B,11.52B,48.00B,61.65B,36.49B,4.776B,6.984B,4.227B
TMUS,2017-09,3.00M,739.00M,4.211B,558.00M,790.00M,0.65,0.63,36.95B,0,5.808B,2017-09,999.00M,550.00M,-418.00M,-418.00M,21.57B,8.228B,13.16B,1.294B,6.359B,906.00M,356.00M,10.02B,3.098B,20.28B,67.92B,0,7.449B,8.103B,47.65B,60.47B,39.54B,4.514B,6.359B,3.894B
TMUS,2017-06,2.00M,181.00M,4.364B,1.202B,851.00M,0.68,0.67,37.04B,0,5.849B,2017-06,1.208B,581.00M,-390.00M,-390.00M,21.42B,7.848B,13.21B,1.415B,6.38B,934.00M,353.00M,10.21B,2.915B,19.61B,67.16B,0,6.78B,8.828B,47.54B,60.38B,38.72B,4.434B,6.38B,3.811B
TMUS,2017-03,1.00M,7.501B,4.094B,7.542B,934.00M,0.83,0.8,29.17B,0,5.519B,2017-03,1.021B,698.00M,-432.00M,-432.00M,21.24B,7.477B,13.10B,1.00B,6.416B,607.00M,-91.00M,9.613B,2.955B,18.96B,68.05B,0,15.90B,15.28B,49.08B,52.15B,33.80B,4.519B,6.416B,3.768B
TMUS,2016-12,1.00M,5.50B,4.732B,354.00M,986.00M,0.46,0.45,29.07B,0,5.502B,2016-12,1.111B,390.00M,-395.00M,-395.00M,20.94B,7.554B,21.83B,995.00M,6.718B,606.00M,216.00M,10.23B,2.959B,18.24B,65.89B,0,14.22B,9.022B,47.66B,51.67B,38.63B,4.507B,5.813B,3.866B
TMUS,2016-09,-1.00M,5.352B,3.975B,325.00M,980.00M,0.43,0.42,28.70B,0,5.33B,2016-09,1.039B,366.00M,-449.00M,-449.00M,20.57B,7.239B,21.82B,864.00M,6.459B,598.00M,232.00M,9.305B,2.898B,17.85B,64.27B,0,13.53B,8.119B,46.42B,50.74B,38.30B,4.466B,6.459B,3.60B
TMUS,2016-06,-4.00M,5.538B,4.048B,258.00M,936.00M,0.26,0.25,27.70B,0,5.239B,2016-06,1.388B,225.00M,-458.00M,-458.00M,20.57B,6.975B,21.57B,892.00M,7.188B,372.00M,147.00M,9.287B,2.772B,17.40B,63.97B,0,14.28B,8.752B,46.57B,49.69B,37.82B,4.347B,7.188B,3.736B
TMUS,2016-03,0,6.572B,3.795B,365.00M,895.00M,0.57,0.56,27.72B,0,4.869B,2016-03,1.443B,479.00M,-415.00M,-415.00M,20.62B,6.798B,20.50B,568.00M,7.684B,751.00M,272.00M,8.664B,2.749B,17.10B,63.06B,0,13.34B,9.369B,45.96B,49.72B,36.59B,4.301B,7.684B,4.066B
TMUS,2015-12,-1.00M,7.58B,3.403B,182.00M,717.00M,0.35,0.34,26.23B,43.19B,5.258B,2015-12,1.295B,297.00M,-768.00M,-768.00M,20.00B,6.542B,20.46B,1.134B,7.698B,481.00M,184.00M,8.661B,2.755B,16.56B,62.41B,0,14.89B,9.528B,45.86B,47.52B,36.33B,4.124B,6.766B,4.202B
TMUS,2015-09,-1.00M,2.633B,3.363B,114.00M,649.00M,0.15,0.15,25.99B,38.04B,4.486B,2015-09,1.236B,138.00M,-274.00M,-274.00M,18.10B,8.013B,18.97B,705.00M,7.67B,238.00M,100.00M,7.849B,2.624B,16.25B,58.47B,0,12.66B,8.843B,42.22B,45.82B,33.38B,3.781B,7.67B,5.239B
TMUS,2015-06,1.00M,2.642B,4.058B,386.00M,574.00M,0.43,0.42,26.69B,35.00B,4.121B,2015-06,1.135B,361.00M,-235.00M,-235.00M,16.91B,7.717B,18.91B,608.00M,6.746B,363.00M,2.00M,8.179B,2.438B,16.05B,57.19B,0,11.66B,8.264B,41.14B,45.53B,32.87B,3.513B,6.746B,5.382B
TMUS,2015-03,1.00M,3.032B,4.074B,467.00M,584.00M,-0.09,-0.09,26.55B,34.69B,3.704B,2015-03,1.23B,-63.00M,-213.00M,-213.00M,16.48B,7.221B,18.78B,245.00M,7.009B,-104.00M,-41.00M,7.778B,2.372B,15.65B,56.56B,0,11.64B,8.649B,40.91B,44.92B,32.26B,3.459B,7.009B,5.277B
TMUS,2014-12,1.00M,5.315B,4.195B,87.00M,459.00M,0.13,0.12,24.51B,0,3.959B,2014-12,1.085B,101.00M,-254.00M,-254.00M,16.24B,7.204B,16.27B,531.00M,7.125B,200.00M,99.00M,8.154B,2.333B,15.66B,56.65B,0,13.98B,8.776B,40.99B,42.67B,32.21B,3.428B,6.158B,5.003B
TMUS,2014-09,1.00M,5.787B,3.796B,1.168B,452.00M,-0.12,-0.12,24.33B,0,3.554B,2014-09,674.00M,-94.00M,-246.00M,-246.00M,15.80B,7.033B,18.79B,133.00M,5.926B,-211.00M,-117.00M,7.35B,2.283B,14.52B,55.12B,0,13.30B,8.605B,40.59B,41.82B,31.98B,3.421B,5.126B,4.515B
TMUS,2014-06,0,3.08B,3.668B,272.00M,447.00M,0.49,0.48,24.55B,0,3.517B,2014-06,791.00M,391.00M,-273.00M,-273.00M,15.54B,6.994B,16.87B,237.00M,5.791B,677.00M,286.00M,7.185B,2.151B,14.56B,51.66B,0,9.896B,7.131B,37.10B,41.77B,29.97B,3.28B,5.791B,4.026B
TMUS,2014-03,0,5.471B,3.75B,151.00M,459.00M,-0.19,-0.19,20.19B,0,3.125B,2014-03,676.00M,-151.00M,-219.00M,-219.00M,15.43B,6.797B,16.84B,-26.00M,5.101B,-253.00M,-102.00M,6.875B,2.096B,14.16B,50.17B,0,12.96B,6.11B,36.01B,37.21B,29.90B,3.151B,5.101B,3.62B
TMUS,2013-12,3.00M,5.891B,3.538B,244.00M,445.00M,-0.03,-0.03,21.01B,0,3.289B,2013-12,586.00M,-20.00M,-262.00M,-262.00M,15.35B,6.758B,16.84B,194.00M,4.372B,-139.00M,-119.00M,6.827B,2.096B,14.24B,49.95B,0,12.23B,5.808B,35.71B,37.72B,29.90B,3.095B,3.759B,3.66B
TMUS,2013-09,2.00M,2.365B,3.459B,195.00M,447.00M,-0.05,-0.05,21.39B,0,3.229B,2013-09,761.00M,-36.00M,-284.00M,-284.00M,15.37B,6.757B,9.249B,309.00M,4.629B,6.00M,42.00M,6.688B,1.933B,12.42B,45.77B,0,7.964B,5.514B,33.35B,37.80B,27.84B,2.92B,4.629B,3.389B
TMUS,2013-06,2.00M,2.362B,3.263B,210.00M,459.00M,-0.02,-0.02,21.49B,33.97B,2.965B,2013-06,819.00M,-16.00M,-294.00M,-294.00M,15.18B,6.386B,8.755B,230.00M,4.531B,5.00M,21.00M,6.228B,1.847B,12.36B,44.73B,0,7.313B,5.398B,32.38B,37.42B,26.98B,2.735B,4.531B,3.033B
TMUS,2013-03,-7.571M,2.701B,1.995B,2.450B,241.34M,0.4,0.4,2.564B,30.55B,2.682B,2013-03,254.87M,107.00M,-194.00M,-194.00M,4.178B,1.184B,5.807B,423.00M,473.67M,179.00M,72.00M,4.677B,1.506B,3.392B,13.66B,0.037M,6.773B,3.189B,10.27B,6.890B,7.081B,2.259B,473.67M,87.81M
TMUS,2012-12,41.00M,394.00M,2.127B,36.11M,290.00M,0.18,0.18,14.63B,5.949B,2.782B,2012-12,457.00M,-8.00M,-150.00M,-150.00M,12.81B,5.502B,2.461B,-41.00M,5.094B,70.00M,78.00M,4.909B,1.792B,6.115B,33.62B,0,5.541B,5.592B,27.51B,28.08B,21.92B,2.823B,5.094B,3.36B
TMUS,2012-09,-4.625M,2.565B,2.007B,35.31M,232.31M,-28.9,-28.9,2.562B,0,2.886B,2012-09,312.63M,-7.735B,-145.00M,-145.00M,4.197B,1.142B,4.731B,577.00M,450.09M,-7.723B,12.00M,4.893B,1.663B,3.322B,10.07B,0.036M,3.185B,784.65M,6.749B,6.887B,5.965B,2.309B,277.60M,95.26M
TMUS,2012-06,-8.586M,2.349B,1.923B,34.61M,244.39M,0.78,0.78,2.562B,0,2.96B,2012-06,259.01M,207.00M,-133.00M,-133.00M,4.069B,1.054B,4.726B,500.00M,431.92M,342.00M,135.00M,4.883B,1.622B,3.116B,9.730B,0.036M,2.896B,741.88M,6.613B,6.834B,5.871B,2.46B,0,87.86M
TMUS,2012-03,-9.549M,2.216B,847.79M,38.63M,261.66M,0.12,0.12,2.542B,0,428.80M,2012-03,252.16M,21.00M,-69.71M,-69.71M,4.007B,956.53M,4.726B,99.39M,452.02M,28.66M,7.658M,1.277B,176.59M,2.958B,9.509B,0.036M,2.767B,778.03M,6.551B,6.742B,5.773B,329.41M,0,80.97M
TMUS,2011-12,-9.295M,2.243B,6.413B,32.86M,245.70M,-27.19,-27.19,2.539B,0,10.60B,2011-12,239.65M,-4.928B,-453.51M,-453.51M,4.018B,937.13M,4.711B,1.606B,466.82M,-5.266B,-337.89M,17.01B,6.241B,2.928B,9.483B,0.036M,2.744B,816.72M,6.555B,6.739B,5.739B,8.990B,0,78.02M
TMUS,2011-09,-12.95M,2.141B,725.51M,32.42M,243.70M,0.38,0.38,2.539B,0,479.88M,2011-09,147.00M,69.33M,-68.98M,-68.98M,4.009B,871.13M,4.711B,178.11M,476.32M,107.94M,38.62M,1.205B,162.46M,2.825B,9.280B,0.036M,2.550B,779.34M,6.454B,6.730B,5.675B,301.77M,0,65.05M
TMUS,2011-06,-7.582M,2.156B,708.56M,27.54M,235.46M,0.46,0.46,2.538B,0,500.89M,2011-06,140.05M,84.34M,-66.47M,-66.47M,3.857B,830.38M,4.715B,211.81M,427.92M,134.44M,50.10M,1.209B,154.56M,2.750B,9.101B,0.036M,2.568B,725.67M,6.351B,6.533B,5.626B,289.08M,0,62.51M
TMUS,2011-03,2.058M,1.659B,750.68M,0,242.01M,0.32,0.3,2.537B,0,443.70M,2011-03,285.85M,56.38M,-56.05M,-56.05M,3.739B,783.30M,4.255B,145.23M,609.16M,89.55M,33.17M,1.194B,169.77M,2.633B,8.648B,0.036M,2.230B,903.72M,6.016B,6.419B,5.112B,298.47M,0,56.64M
