Ticker,Date,Accrued Comprehensive Inc,Cash and Short Term Investments,Cost of Goods Sold,Current Debt & Capital Lease Obligation,Current Deferred Liabilities,EPS Basic,EPS Diluted,Goodwill and Intangibles,Gross PP&E,Gross Profit,Income (Quarterly),Inventories,Net Income,Net Non-Operating Interest Income Expense,Net Operating Interest Income,Net PP&E,Non-Current Deferred Liabilities,Non-Current Portion of LTD and Capital Lease Obligation,Operating Income,Payables and Accrued Expenses,Pre-Tax Income,Provision for Income Taxes,Research and Development Expense,Revenue,SG&A Expense,Shareholders Equity,Total Assets,Total Capital Stock,Total Current Assets,Total Current Liabilities,Total Liabilities,Total Long Term Assets,Total Long Term Liabilities,Total Operating Expenses,Total Payables,Total Receivables
TRMB,2020-12,-98.50M,237.70M,361.20M,255.80M,560.50M,0.72,0.71,4.457B,727.00M,468.50M,2020-12,301.70M,180.30M,-17.90M,-17.90M,380.70M,395.60M,1.401B,127.60M,143.20M,128.30M,-52.40M,125.80M,829.70M,199.80M,3.597B,6.877B,0.30M,1.281B,1.311B,3.278B,5.596B,1.967B,340.90M,143.20M,620.50M
TRMB,2020-09,-161.00M,184.00M,352.40M,279.60M,445.20M,0.34,0.34,4.448B,382.80M,439.70M,2020-09,318.50M,84.70M,-19.60M,-19.60M,382.80M,365.80M,1.502B,114.10M,131.40M,96.40M,11.60M,117.90M,792.10M,191.00M,3.35B,6.624B,0.30M,1.101B,1.192B,3.273B,5.524B,2.082B,325.60M,131.40M,488.90M
TRMB,2020-06,-198.30M,196.40M,327.90M,268.20M,481.90M,0.25,0.25,4.453B,385.10M,405.70M,2020-06,338.60M,63.00M,-19.60M,-19.60M,385.10M,367.00M,1.677B,102.70M,128.90M,90.90M,27.70M,114.00M,733.60M,172.40M,3.212B,6.645B,0.20M,1.12B,1.170B,3.432B,5.525B,2.261B,303.00M,128.90M,478.80M
TRMB,2020-03,-230.90M,216.80M,351.30M,280.70M,498.20M,0.25,0.25,4.465B,374.60M,441.00M,2020-03,327.20M,61.90M,-20.50M,-20.50M,374.60M,363.40M,1.800B,101.20M,145.40M,79.40M,17.50M,118.20M,792.30M,204.70M,3.101B,6.706B,0.20M,1.193B,1.227B,3.603B,5.513B,2.376B,339.80M,145.40M,546.60M
TRMB,2019-12,-176.80M,189.20M,364.00M,219.00M,490.40M,1.12,1.11,4.359B,697.90M,460.00M,2019-12,312.10M,279.30M,-20.20M,-20.20M,381.70M,405.90M,1.738B,105.00M,159.30M,75.30M,-204.10M,119.60M,824.00M,219.00M,3.119B,6.641B,0.20M,1.212B,1.190B,3.520B,5.429B,2.33B,355.00M,159.30M,608.20M
TRMB,2019-09,-207.30M,184.60M,361.90M,236.30M,375.10M,0.31,0.31,4.162B,362.70M,422.00M,2019-09,290.10M,78.10M,-19.70M,-19.70M,362.70M,119.60M,1.623B,95.30M,171.60M,78.90M,0.80M,112.30M,783.90M,196.90M,2.787B,5.804B,0.20M,1.062B,1.059B,3.016B,4.742B,1.956B,326.70M,156.70M,516.10M
TRMB,2019-06,-180.40M,199.60M,394.20M,229.30M,408.10M,0.38,0.37,4.196B,347.70M,460.60M,2019-06,287.90M,94.60M,-20.60M,-20.60M,347.70M,123.00M,1.623B,112.60M,163.30M,115.40M,20.80M,119.60M,854.80M,208.70M,2.824B,5.876B,0.30M,1.121B,1.075B,3.051B,4.755B,1.976B,348.00M,148.40M,546.80M
TRMB,2019-03,-182.50M,216.70M,363.30M,246.80M,422.90M,0.25,0.25,4.238B,333.90M,438.30M,2019-03,303.70M,62.30M,-21.90M,-21.90M,333.90M,116.20M,1.743B,89.80M,161.70M,75.20M,12.80M,118.20M,801.60M,210.20M,2.742B,5.920B,0.30M,1.148B,1.09B,3.177B,4.772B,2.087B,348.50M,147.60M,549.00M
TRMB,2018-12,-186.10M,172.50M,350.30M,256.20M,348.40M,0.34,0.34,4.284B,475.00M,435.20M,2018-12,298.00M,86.50M,-22.40M,-22.40M,212.90M,141.10M,1.712B,91.50M,147.60M,68.00M,-18.80M,112.60M,785.50M,212.40M,2.674B,5.776B,0.30M,1.089B,1.055B,3.102B,4.687B,2.046B,343.70M,147.60M,512.60M
TRMB,2018-09,-153.90M,205.40M,368.30M,226.10M,326.10M,0.29,0.29,4.329B,0,426.90M,2018-09,286.30M,73.70M,-22.70M,-22.70M,206.10M,126.70M,1.787B,79.90M,172.10M,64.10M,-9.60M,114.10M,795.20M,211.30M,2.648B,5.782B,0.30M,1.061B,979.30M,3.134B,4.721B,2.154B,347.00M,155.70M,503.20M
TRMB,2018-06,-161.20M,571.00M,362.80M,0.40M,319.20M,0.26,0.25,3.104B,424.70M,422.70M,2018-06,282.40M,64.10M,-18.60M,-18.60M,192.60M,77.50M,1.286B,91.70M,175.20M,79.20M,15.10M,110.10M,785.50M,202.20M,2.517B,4.858B,0.20M,1.387B,717.00M,2.341B,3.471B,1.624B,331.00M,159.00M,475.50M
TRMB,2018-03,-101.10M,274.50M,346.00M,430.50M,324.20M,0.24,0.23,3.192B,358.10M,396.20M,2018-03,289.10M,58.50M,-9.50M,-9.50M,184.30M,86.00M,691.80M,65.80M,176.30M,66.70M,8.00M,109.30M,742.20M,203.70M,2.500B,4.674B,0.20M,1.125B,1.147B,2.174B,3.548B,1.027B,330.40M,157.40M,509.10M
TRMB,2017-12,-131.40M,537.40M,340.30M,128.40M,237.60M,-0.14,-0.14,2.652B,0,359.50M,2017-12,264.60M,-35.90M,-6.80M,-6.80M,174.00M,117.00M,785.50M,56.10M,164.30M,48.60M,84.40M,98.10M,699.80M,188.90M,2.414B,4.316B,0.20M,1.312B,773.40M,1.902B,3.005B,1.128B,303.40M,146.00M,470.50M
TRMB,2017-09,-130.80M,409.20M,325.00M,135.40M,285.40M,0.23,0.22,2.695B,0,351.20M,2017-09,254.70M,57.20M,-6.30M,-6.30M,160.50M,86.50M,560.40M,67.60M,164.00M,71.90M,14.70M,92.60M,676.20M,174.00M,2.558B,4.181B,0.30M,1.162B,808.40M,1.623B,3.019B,814.90M,283.60M,146.20M,442.60M
TRMB,2017-06,-160.00M,486.10M,317.30M,147.30M,301.70M,0.19,0.18,2.547B,0,342.60M,2017-06,223.30M,47.30M,-6.00M,-6.00M,145.60M,81.00M,465.00M,61.30M,154.40M,64.00M,16.70M,90.80M,659.90M,175.20M,2.518B,4.038B,0.30M,1.183B,826.80M,1.521B,2.855B,693.80M,281.30M,136.90M,421.80M
TRMB,2017-03,-194.80M,422.60M,286.30M,138.30M,299.30M,0.2,0.19,2.490B,0,324.30M,2017-03,221.10M,49.80M,-6.10M,-6.10M,142.80M,76.90M,509.80M,57.60M,133.30M,63.70M,13.90M,88.70M,610.60M,163.70M,2.421B,3.897B,0.30M,1.116B,759.30M,1.476B,2.782B,717.20M,266.70M,115.90M,425.20M
TRMB,2016-12,-219.90M,327.20M,276.10M,130.30M,246.50M,0.15,0.15,2.411B,0,309.30M,2016-12,218.80M,37.70M,-6.10M,-6.10M,144.20M,102.40M,489.60M,56.50M,127.00M,56.20M,18.50M,83.00M,585.40M,154.90M,2.306B,3.674B,0.30M,978.70M,688.20M,1.368B,2.695B,679.90M,252.80M,109.80M,390.20M
TRMB,2016-09,-155.20M,275.60M,275.10M,145.30M,259.10M,0.16,0.15,2.482B,0,309.00M,2016-09,224.30M,39.20M,-6.60M,-6.60M,149.40M,80.60M,524.50M,58.80M,120.10M,52.20M,13.00M,86.90M,584.10M,147.80M,2.320B,3.731B,1.316B,957.90M,694.00M,1.412B,2.774B,717.70M,250.20M,102.00M,404.60M
TRMB,2016-06,-159.70M,231.90M,294.00M,130.30M,280.50M,0.14,0.14,2.517B,0,315.60M,2016-06,241.70M,35.70M,-6.60M,-6.60M,152.00M,82.80M,594.70M,45.00M,124.50M,38.30M,2.70M,92.00M,609.60M,163.00M,2.245B,3.752B,1.276B,936.80M,721.00M,1.507B,2.815B,785.90M,270.60M,106.70M,413.60M
TRMB,2016-03,-138.70M,174.70M,282.40M,135.30M,287.20M,0.08,0.08,2.581B,0,300.60M,2016-03,255.50M,19.80M,-6.60M,-6.60M,155.40M,85.80M,539.60M,31.70M,130.50M,29.40M,9.70M,87.70M,583.00M,165.00M,2.286B,3.750B,1.267B,872.60M,726.80M,1.463B,2.877B,736.40M,268.90M,112.60M,393.10M
TRMB,2015-12,-166.80M,116.00M,266.60M,118.30M,234.60M,0.1,0.09,2.594B,354.90M,293.10M,2015-12,261.10M,24.00M,-6.50M,-6.50M,159.20M,105.40M,611.40M,35.30M,118.30M,28.30M,4.40M,85.40M,559.70M,156.00M,2.220B,3.681B,0.30M,798.40M,660.90M,1.460B,2.882B,799.20M,257.80M,99.80M,376.80M
TRMB,2015-09,-147.00M,123.60M,264.30M,150.30M,243.00M,0.15,0.14,2.586B,334.20M,298.00M,2015-09,271.40M,37.10M,-6.40M,-6.40M,162.00M,125.80M,609.10M,48.70M,116.30M,43.50M,6.50M,79.60M,562.30M,152.30M,2.202B,3.720B,1.216B,853.00M,687.50M,1.517B,2.867B,829.20M,249.30M,97.20M,359.90M
TRMB,2015-06,-108.60M,129.00M,281.90M,124.20M,258.10M,0.1,0.1,2.613B,307.11M,303.90M,2015-06,280.80M,25.90M,-6.30M,-6.30M,161.70M,132.80M,515.40M,41.20M,128.70M,35.80M,10.00M,84.50M,585.80M,160.40M,2.338B,3.780B,1.236B,885.10M,696.60M,1.441B,2.895B,744.40M,262.70M,109.60M,381.50M
TRMB,2015-03,-128.40M,145.70M,275.40M,133.10M,255.40M,0.13,0.13,2.606B,0,307.20M,2015-03,276.00M,34.10M,-6.40M,-6.40M,155.20M,137.80M,530.30M,40.60M,133.00M,44.20M,10.20M,87.20M,582.60M,161.20M,2.339B,3.798B,1.233B,917.00M,698.30M,1.457B,2.881B,758.80M,266.60M,114.00M,403.40M
TRMB,2014-12,-76.70M,148.00M,271.30M,64.40M,211.60M,0.22,0.21,2.680B,0,292.50M,2014-12,278.10M,55.80M,-8.90M,-8.90M,157.40M,170.50M,671.00M,77.20M,124.40M,71.60M,15.70M,80.80M,563.80M,115.70M,2.342B,3.856B,1.207B,902.30M,588.30M,1.502B,2.954B,914.20M,215.30M,103.80M,391.50M
TRMB,2014-09,-29.51M,139.48M,268.00M,69.02M,205.71M,0.05,0.04,2.623B,0,316.80M,2014-09,278.03M,11.80M,-3.00M,-3.00M,153.82M,159.45M,577.72M,11.30M,125.18M,7.10M,-4.70M,79.00M,584.80M,207.20M,2.352B,3.819B,1.197B,916.04M,624.27M,1.456B,2.903B,831.44M,305.50M,104.76M,388.30M
TRMB,2014-06,30.85M,278.92M,287.60M,60.71M,207.19M,0.3,0.29,2.551B,0,354.60M,2014-06,274.37M,77.90M,-3.10M,-3.10M,155.58M,159.74M,595.16M,98.00M,128.91M,98.80M,20.70M,81.80M,642.20M,157.00M,2.439B,3.867B,1.180B,1.042B,571.59M,1.416B,2.826B,844.85M,256.60M,110.07M,404.59M
TRMB,2014-03,31.80M,165.23M,277.80M,52.05M,207.50M,0.26,0.26,2.574B,0,326.90M,2014-03,266.70M,68.60M,-3.70M,-3.70M,149.61M,162.09M,612.60M,76.00M,138.28M,88.50M,20.40M,76.40M,604.70M,154.80M,2.342B,3.778B,1.160B,930.87M,562.97M,1.424B,2.847B,861.06M,250.90M,120.15M,419.24M
TRMB,2013-12,33.19M,147.23M,279.76M,106.40M,159.30M,0.23,0.23,2.609B,0,319.43M,2013-12,254.31M,60.04M,-4.152M,-4.152M,142.98M,176.90M,652.06M,68.71M,130.30M,66.33M,6.633M,77.62M,599.19M,152.18M,2.221B,3.701B,1.106B,837.02M,576.99M,1.467B,2.864B,889.87M,250.72M,112.52M,361.08M
TRMB,2013-09,23.94M,115.26M,261.45M,105.20M,174.41M,0.21,0.21,2.561B,0,295.05M,2013-09,241.51M,54.47M,-4.122M,-4.122M,136.16M,152.04M,703.86M,63.06M,123.26M,63.51M,8.892M,71.62M,556.50M,139.16M,2.127B,3.635B,1.078B,828.49M,569.04M,1.495B,2.807B,925.98M,231.99M,105.81M,375.00M
TRMB,2013-06,-4.711M,129.07M,273.89M,109.56M,189.92M,0.21,0.21,2.560B,239.54M,302.40M,2013-06,258.71M,54.58M,-4.255M,-4.255M,123.80M,154.26M,789.63M,67.87M,125.78M,68.69M,13.74M,76.56M,576.29M,138.07M,2.024B,3.634B,1.058B,846.64M,581.75M,1.592B,2.787B,1.011B,234.53M,108.86M,376.43M
TRMB,2013-03,-3.144M,143.55M,269.20M,91.12M,187.55M,0.2,0.19,2.475B,181.36M,286.91M,2013-03,260.60M,49.81M,-5.071M,-5.071M,105.60M,147.24M,829.32M,58.06M,138.31M,54.37M,5.437M,73.61M,556.11M,135.59M,1.950B,3.566B,1.037B,889.95M,556.45M,1.600B,2.676B,1.043B,228.85M,120.84M,403.02M
TRMB,2012-12,22.61M,157.77M,259.06M,38.09M,138.92M,0.13,0.13,2.460B,0,256.46M,2012-12,240.53M,33.19M,-4.796M,-4.796M,96.89M,173.71M,873.07M,30.66M,141.60M,38.98M,6.305M,70.74M,515.52M,136.80M,1.897B,3.469B,1.007B,815.97M,468.67M,1.556B,2.653B,1.087B,225.80M,124.53M,340.80M
TRMB,2012-09,6.692M,141.84M,241.90M,89.91M,127.60M,0.21,0.21,2.063B,0,262.87M,2012-09,234.30M,53.36M,-3.925M,-3.925M,81.65M,105.76M,553.20M,63.77M,123.80M,66.82M,13.02M,61.18M,504.76M,122.20M,1.809B,3.021B,965.04M,778.02M,485.07M,1.196B,2.243B,711.37M,199.10M,107.72M,334.28M
TRMB,2012-06,-22.38M,121.94M,249.86M,80.18M,134.32M,0.21,0.21,2.049B,0,267.70M,2012-06,227.95M,53.69M,-3.773M,-3.773M,73.60M,124.95M,617.18M,60.03M,120.22M,63.29M,10.13M,64.30M,517.56M,127.58M,1.707B,2.973B,0,751.44M,459.66M,1.250B,2.222B,790.57M,207.66M,103.50M,331.40M
TRMB,2012-03,28.82M,209.15M,243.12M,87.93M,134.16M,0.2,0.2,1.881B,0,259.15M,2012-03,224.66M,50.82M,-3.863M,-3.863M,66.46M,118.96M,535.20M,60.33M,120.99M,60.33M,10.26M,60.24M,502.27M,122.91M,1.687B,2.872B,0,833.72M,465.95M,1.169B,2.038B,702.56M,198.82M,103.12M,328.77M
TRMB,2011-12,5.14M,154.62M,217.41M,65.92M,105.07M,0.115,0.115,1.774B,0,217.76M,2011-12,232.06M,29.40M,-3.093M,-3.093M,62.72M,125.19M,498.52M,29.22M,116.40M,31.09M,2.427M,57.56M,435.17M,115.10M,1.569B,2.652B,878.51M,733.06M,411.32M,1.064B,1.919B,652.25M,188.53M,97.96M,282.30M
TRMB,2011-09,25.80M,138.26M,205.87M,66.87M,95.88M,0.115,0.11,1.829B,0,211.56M,2011-09,215.68M,27.97M,-2.942M,-2.942M,61.56M,136.57M,570.38M,33.10M,193.28M,29.88M,2.689M,49.93M,417.43M,114.75M,1.544B,2.713B,861.30M,740.66M,394.78M,1.149B,1.973B,754.16M,178.46M,105.77M,313.32M
TRMB,2011-06,72.06M,249.81M,198.44M,1.969M,91.03M,0.22,0.215,1.125B,0,208.73M,2011-06,216.08M,53.68M,-1.031M,-1.031M,53.39M,46.19M,125.29M,51.93M,100.77M,60.20M,6.02M,46.29M,407.17M,100.65M,1.541B,2.070B,0,812.74M,292.58M,509.80M,1.257B,217.22M,156.81M,87.61M,284.81M
TRMB,2011-03,67.83M,244.34M,192.76M,153.03M,81.50M,0.165,0.16,1.079B,0,191.53M,2011-03,203.01M,39.70M,-0.211M,-0.211M,51.63M,39.18M,0.271M,44.44M,154.17M,46.28M,7.409M,43.23M,384.29M,94.68M,1.470B,2.000B,0,795.93M,421.68M,510.70M,1.204B,89.02M,147.09M,89.36M,291.68M
