Ticker,Date,Accrued Comprehensive Inc,Cash and Short Term Investments,Cost of Goods Sold,Current Debt & Capital Lease Obligation,Current Deferred Liabilities,EPS Basic,EPS Diluted,Goodwill and Intangibles,Gross PP&E,Gross Profit,Income (Quarterly),Inventories,Net Income,Net Non-Operating Interest Income Expense,Net Operating Interest Income,Net PP&E,Non-Current Deferred Liabilities,Non-Current Portion of LTD and Capital Lease Obligation,Operating Income,Payables and Accrued Expenses,Pre-Tax Income,Provision for Income Taxes,Research and Development Expense,Revenue,SG&A Expense,Shareholders Equity,Total Assets,Total Capital Stock,Total Current Assets,Total Current Liabilities,Total Liabilities,Total Long Term Assets,Total Long Term Liabilities,Total Operating Expenses,Total Payables,Total Receivables
TTWO,2020-12,-5.584M,2.423B,346.24M,30.54M,991.48M,1.58,1.57,1.089B,297.01M,514.64M,2020-12,26.73M,182.25M,1.098M,1.098M,297.01M,31.81M,156.84M,175.68M,1.035B,216.45M,34.20M,86.43M,860.89M,238.53M,3.155B,5.966B,1.375M,4.160B,2.342B,2.811B,1.806B,469.02M,338.96M,100.16M,581.14M
TTWO,2020-09,-34.82M,2.386B,432.50M,29.05M,1.063B,0.87,0.86,1.051B,289.71M,408.64M,2020-09,26.93M,99.32M,2.706M,2.706M,289.71M,32.88M,150.79M,115.61M,1.029B,117.42M,18.10M,74.22M,841.14M,205.12M,2.901B,5.836B,1.373M,3.932B,2.326B,2.935B,1.904B,609.04M,293.03M,85.10M,787.82M
TTWO,2020-06,-52.13M,2.285B,476.69M,27.60M,928.10M,0.78,0.77,846.53M,286.92M,354.62M,2020-06,19.49M,88.50M,8.218M,8.218M,286.92M,32.85M,153.51M,82.14M,1.021B,90.36M,1.856M,73.11M,831.31M,186.95M,2.651B,5.369B,1.367M,3.687B,2.149B,2.718B,1.682B,569.47M,272.48M,56.41M,685.17M
TTWO,2020-03,-58.38M,2.002B,395.64M,25.19M,777.78M,1.08,1.07,839.53M,484.37M,364.90M,2020-03,19.11M,122.72M,14.28M,14.28M,286.17M,28.34M,152.06M,121.50M,1.064B,124.63M,1.912M,68.72M,760.54M,162.18M,2.539B,4.949B,1.359M,3.493B,2.039B,2.410B,1.455B,371.05M,243.40M,65.68M,592.56M
TTWO,2019-12,-38.49M,1.984B,437.09M,24.11M,841.81M,1.44,1.43,889.16M,280.47M,493.04M,2019-12,24.43M,163.64M,11.94M,11.94M,280.47M,32.96M,151.40M,176.59M,1.022B,188.78M,25.13M,82.52M,930.13M,221.60M,2.402B,4.880B,1.358M,3.435B,2.096B,2.478B,1.445B,381.27M,316.45M,82.49M,647.46M
TTWO,2019-09,-54.46M,1.505B,468.25M,22.27M,901.81M,0.63,0.63,972.56M,248.48M,389.59M,2019-09,39.29M,71.82M,8.054M,8.054M,248.48M,25.38M,118.79M,75.15M,1.213B,82.87M,11.06M,76.20M,857.84M,226.22M,2.182B,4.815B,1.356M,3.388B,2.290B,2.633B,1.427B,343.12M,314.45M,114.95M,858.60M
TTWO,2019-06,-43.99M,1.542B,241.47M,21.79M,826.08M,0.41,0.41,1.093B,251.25M,298.99M,2019-06,23.85M,46.28M,10.42M,10.42M,251.25M,22.10M,125.13M,52.12M,948.94M,62.16M,15.88M,68.96M,540.46M,166.65M,2.086B,4.366B,1.355M,2.821B,1.942B,2.280B,1.545B,337.89M,246.87M,55.38M,352.62M
TTWO,2019-03,-37.19M,1.571B,258.91M,0,843.30M,0.5,0.5,1.058B,297.51M,280.09M,2019-03,28.20M,56.83M,10.34M,10.34M,127.88M,21.06M,0,59.28M,950.46M,64.53M,7.698M,56.59M,539.01M,153.15M,2.041B,4.243B,1.346M,2.828B,1.952B,2.202B,1.415B,250.69M,220.82M,72.80M,395.73M
TTWO,2018-12,-50.95M,1.601B,898.48M,0,818.41M,1.59,1.57,1.061B,0,350.25M,2018-12,39.79M,179.95M,8.071M,8.071M,114.67M,69.14M,0,45.85M,1.016B,59.85M,-120.10M,62.30M,1.249B,231.96M,2.027B,4.387B,1.344M,2.975B,2.099B,2.360B,1.412B,260.34M,304.40M,74.62M,823.48M
TTWO,2018-09,-37.20M,1.025B,234.88M,0,559.02M,0.22,0.22,1.271B,0,257.79M,2018-09,40.54M,25.37M,4.975M,4.975M,110.90M,15.41M,0,25.99M,801.34M,30.96M,5.594M,60.56M,492.67M,161.48M,1.944B,3.655B,1.341M,2.192B,1.490B,1.711B,1.463B,220.96M,231.80M,77.30M,534.63M
TTWO,2018-06,-41.02M,1.102B,131.36M,0,450.57M,0.63,0.62,1.199B,246.46M,256.62M,2018-06,10.64M,71.69M,6.601M,6.601M,105.85M,15.86M,5.232M,70.60M,823.54M,77.45M,5.754M,50.71M,387.98M,126.04M,1.852B,3.456B,1.338M,2.074B,1.391B,1.604B,1.382B,212.58M,186.01M,33.77M,239.74M
TTWO,2018-03,-15.73M,1.424B,189.21M,0,802.15M,0.8,0.77,1.143B,188.52M,261.06M,2018-03,15.16M,90.85M,1.398M,1.398M,102.48M,355.59M,8.068M,89.56M,770.61M,91.28M,0.423M,54.13M,450.27M,107.90M,1.489B,3.738B,1.327M,2.409B,1.727B,2.249B,1.329B,521.94M,171.51M,35.03M,247.65M
TTWO,2017-12,-31.10M,1.322B,267.98M,0,1.144B,0.22,0.21,1.085B,176.13M,212.86M,2017-12,30.86M,25.14M,3.374M,3.374M,96.57M,44.50M,13.84M,9.552M,772.07M,12.23M,-12.91M,49.98M,480.84M,145.46M,1.401B,3.683B,1.326M,2.448B,2.072B,2.282B,1.235B,209.67M,203.30M,46.00M,425.93M
TTWO,2017-09,-28.47M,1.263B,246.55M,0,847.13M,-0.03,-0.03,1.093B,0,197.01M,2017-09,36.43M,-2.736M,-2.969M,-2.969M,86.69M,167.07M,52.37M,-9.606M,884.56M,-14.29M,-11.55M,50.00M,443.56M,137.74M,1.472B,3.696B,1.307M,2.456B,1.851B,2.224B,1.241B,373.43M,206.62M,75.81M,429.02M
TTWO,2017-06,-37.58M,1.281B,194.57M,0,644.44M,0.57,0.56,965.83M,0,223.65M,2017-06,11.64M,60.28M,-2.808M,-2.808M,76.61M,231.53M,212.86M,60.82M,714.71M,47.41M,-12.86M,42.27M,418.22M,112.82M,1.100B,3.220B,1.23M,2.113B,1.466B,2.120B,1.106B,653.76M,162.83M,36.93M,229.20M
TTWO,2017-03,-47.14M,1.392B,314.90M,0,928.12M,0.97,0.89,851.29M,0,256.66M,2017-03,16.32M,99.28M,-6.402M,-6.402M,67.30M,10.41M,251.93M,111.50M,648.01M,111.11M,11.83M,36.42M,571.56M,100.35M,1.004B,3.149B,1.198M,2.195B,1.686B,2.145B,953.91M,459.53M,145.15M,31.89M,219.56M
TTWO,2016-12,-48.18M,1.444B,311.07M,0,1.073B,-0.33,-0.33,543.85M,0,165.40M,2016-12,26.66M,-29.84M,-3.715M,-3.715M,65.80M,11.26M,258.88M,-28.41M,664.55M,-32.12M,-2.282M,37.59M,476.47M,148.76M,820.92M,3.089B,1.18M,2.451B,1.864B,2.268B,637.92M,404.36M,193.81M,54.25M,327.43M
TTWO,2016-09,-42.87M,1.175B,205.60M,0,821.41M,0.42,0.39,520.61M,0,214.56M,2016-09,77.56M,36.43M,-7.078M,-7.078M,68.53M,54.74M,511.64M,47.19M,811.49M,40.12M,3.684M,30.00M,420.17M,129.87M,582.75M,2.979B,1.046M,2.371B,1.719B,2.396B,608.31M,677.09M,167.37M,144.76M,381.59M
TTWO,2016-06,-41.32M,1.189B,191.38M,0,604.41M,-0.46,-0.46,467.50M,0,120.17M,2016-06,12.73M,-38.57M,-4.506M,-4.506M,72.41M,153.91M,504.38M,-38.98M,597.42M,-42.14M,-3.572M,33.90M,311.55M,117.88M,533.54M,2.539B,1.046M,1.978B,1.262B,2.005B,561.06M,743.56M,159.16M,37.78M,141.15M
TTWO,2016-03,-37.90M,1.270B,209.46M,0,582.48M,0.54,0.48,436.52M,0,167.75M,2016-03,15.89M,46.40M,-5.291M,-5.291M,77.13M,216.32M,497.94M,44.69M,558.03M,41.00M,-5.398M,33.31M,377.21M,82.42M,581.38M,2.590B,1.038M,2.045B,1.220B,2.009B,545.00M,788.48M,123.06M,30.45M,168.53M
TTWO,2015-12,-34.74M,1.215B,257.86M,0,791.76M,-0.51,-0.51,388.77M,182.86M,156.36M,2015-12,20.21M,-42.41M,-8.018M,-8.018M,76.66M,39.88M,491.58M,11.98M,560.67M,-67.22M,-24.80M,27.94M,414.22M,108.91M,526.97M,2.585B,1.044M,2.106B,1.455B,2.058B,478.70M,603.06M,144.38M,59.60M,263.69M
TTWO,2015-09,-29.35M,1.065B,143.94M,0,676.89M,0.63,0.55,351.28M,139.37M,203.03M,2015-09,24.02M,54.74M,-8.396M,-8.396M,81.69M,85.24M,487.60M,66.43M,451.58M,58.04M,3.30M,24.41M,346.97M,104.84M,564.06M,2.416B,1.042M,1.965B,1.214B,1.852B,451.89M,638.55M,136.60M,69.14M,240.86M
TTWO,2015-06,-21.56M,1.191B,202.62M,0,572.44M,-0.81,-0.81,333.18M,0,72.68M,2015-06,12.45M,-67.02M,-7.534M,-7.534M,83.09M,172.73M,481.78M,-62.64M,467.23M,-70.17M,-3.148M,34.14M,275.30M,94.60M,526.84M,2.353B,1.046M,1.908B,1.106B,1.826B,444.63M,719.46M,135.32M,29.53M,130.92M
TTWO,2015-03,-30.62M,1.098B,410.68M,0,482.73M,-2.99,-2.99,346.39M,0,-110.59M,2015-03,20.05M,-242.79M,-5.212M,-5.212M,69.79M,164.62M,473.03M,-242.35M,392.42M,-249.56M,-6.766M,35.16M,300.09M,90.67M,563.09M,2.228B,1.046M,1.780B,966.26M,1.665B,448.21M,698.72M,131.76M,38.79M,217.86M
TTWO,2014-12,-17.54M,976.59M,278.01M,0,338.00M,0.46,0.42,341.68M,0,253.13M,2014-12,24.62M,40.09M,-9.458M,-9.458M,63.44M,197.94M,470.42M,65.61M,284.44M,54.65M,14.56M,31.22M,531.15M,150.46M,815.39M,2.254B,1.046M,1.806B,707.10M,1.438B,447.80M,731.32M,187.52M,149.92M,435.71M
TTWO,2014-09,-5.417M,803.78M,52.02M,0,107.96M,-0.51,-0.51,330.60M,0,74.26M,2014-09,55.95M,-41.37M,-7.512M,-7.512M,56.21M,18.13M,464.87M,-48.51M,203.52M,-37.05M,4.32M,24.53M,126.28M,93.11M,755.01M,1.665B,1.047M,1.267B,379.14M,910.20M,398.44M,531.06M,122.77M,85.12M,25.43M
TTWO,2014-06,6.093M,841.37M,54.16M,0,87.37M,-0.45,-0.45,311.18M,0,71.27M,2014-06,23.15M,-35.40M,-7.719M,-7.719M,47.01M,0,459.41M,-33.21M,135.12M,-40.93M,-5.525M,24.13M,125.42M,76.20M,783.04M,1.608B,1.047M,1.234B,285.27M,824.70M,373.38M,539.43M,104.48M,22.58M,43.16M
TTWO,2014-03,2.116M,935.40M,108.29M,0,61.20M,-0.4,-0.4,341.32M,0,86.92M,2014-03,29.78M,-30.79M,-7.943M,-7.943M,42.57M,0,454.03M,-23.58M,338.78M,-31.12M,-0.345M,28.63M,195.21M,78.35M,801.81M,1.800B,1.052M,1.399B,474.82M,997.82M,400.19M,523.00M,110.50M,38.41M,53.14M
TTWO,2013-12,2.215M,972.17M,1.120B,0,61.31M,5.88,4.69,333.21M,0,744.14M,2013-12,45.04M,578.43M,-5.949M,-5.949M,38.77M,0,448.74M,606.30M,565.25M,600.35M,21.90M,29.23M,1.864B,105.19M,822.00M,1.985B,1.048M,1.546B,693.48M,1.163B,439.70M,469.87M,137.84M,131.46M,189.52M
TTWO,2013-09,2.622M,661.92M,92.46M,0,1.166B,-1.4,-1.4,347.25M,0,56.36M,2013-09,84.03M,-124.12M,-10.75M,-10.75M,34.27M,0,443.53M,-117.89M,515.55M,-132.28M,-8.185M,26.52M,148.82M,144.36M,498.86M,2.701B,1.046M,2.251B,1.738B,2.202B,450.05M,464.25M,174.25M,411.89M,1.011B
TTWO,2013-06,-5.56M,646.32M,93.84M,127.77M,38.97M,-0.71,-0.71,337.08M,110.11M,48.82M,2013-06,27.85M,-61.91M,-11.23M,-11.23M,30.28M,2.961M,408.92M,-49.56M,169.19M,-60.80M,1.087M,20.87M,142.67M,74.46M,606.98M,1.448B,0.947M,1.020B,416.29M,841.12M,427.93M,424.84M,98.39M,79.46M,97.96M
TTWO,2013-03,-4.572M,402.50M,154.32M,0,37.87M,0.24,0.24,330.06M,113.77M,145.17M,2013-03,30.22M,22.47M,-7.201M,-7.201M,25.36M,0,335.20M,29.06M,243.58M,21.27M,0.103M,21.18M,299.49M,92.12M,588.00M,1.278B,0.937M,866.15M,337.00M,689.84M,411.69M,352.84M,116.10M,137.14M,189.60M
TTWO,2012-12,7.309M,448.72M,216.30M,0,35.30M,0.76,0.66,312.41M,103.76M,199.47M,2012-12,29.69M,71.36M,-8.094M,-8.094M,23.70M,0,330.31M,80.99M,201.81M,72.90M,2.021M,22.37M,415.77M,93.60M,564.81M,1.190B,0.937M,817.89M,281.22M,624.97M,371.89M,343.75M,118.48M,88.64M,94.24M
TTWO,2012-09,7.22M,328.28M,158.49M,0,46.60M,-0.15,-0.15,308.57M,0,114.60M,2012-09,60.57M,-12.49M,-7.419M,-7.419M,21.88M,0,325.54M,-3.933M,252.70M,-11.35M,1.085M,19.32M,273.08M,96.66M,484.51M,1.165B,0.921M,797.94M,336.93M,680.24M,366.80M,343.30M,118.53M,165.54M,154.95M
TTWO,2012-06,-4.706M,367.06M,186.73M,0,22.96M,-1.3,-1.3,297.73M,0,39.41M,2012-06,27.99M,-110.84M,-8.049M,-8.049M,19.35M,0,320.88M,-100.88M,187.71M,-108.93M,1.841M,15.31M,226.14M,122.21M,477.04M,1.073B,0.911M,719.11M,256.99M,596.10M,354.03M,339.11M,140.29M,117.82M,71.71M
TTWO,2012-03,6.733M,420.28M,116.47M,0,20.77M,-0.8,-0.8,349.19M,0,31.62M,2012-03,22.48M,-66.84M,-6.413M,-6.413M,18.95M,0,316.34M,-61.14M,163.72M,-66.51M,-0.505M,14.82M,148.08M,75.20M,595.73M,1.149B,0.902M,743.62M,218.72M,553.70M,405.81M,334.98M,92.76M,85.17M,45.04M
TTWO,2011-12,-1.564M,453.32M,126.47M,0,23.35M,0.16,0.16,362.18M,0,109.86M,2011-12,22.52M,14.10M,-6.19M,-6.19M,18.56M,0,311.91M,20.25M,124.17M,14.06M,-0.127M,16.82M,236.32M,69.93M,641.48M,1.141B,0.90M,752.42M,169.08M,499.11M,388.18M,330.03M,89.61M,39.25M,53.27M
TTWO,2011-09,1.219M,269.74M,74.70M,0,28.15M,-0.57,-0.57,365.14M,0,32.33M,2011-09,45.08M,-47.37M,-4.333M,-4.333M,18.11M,0,111.30M,-41.51M,191.42M,-45.84M,1.419M,16.00M,107.03M,54.56M,565.88M,931.92M,0.864M,545.94M,235.52M,366.03M,385.98M,130.52M,73.84M,100.93M,25.41M
TTWO,2011-06,10.73M,248.76M,211.22M,0,24.34M,-0.11,-0.11,244.21M,0,123.16M,2011-06,25.94M,-8.713M,-3.68M,-3.68M,19.01M,0,109.24M,-1.863M,219.18M,-5.543M,3.076M,16.52M,334.38M,105.26M,615.27M,1.004B,0.864M,644.65M,260.12M,388.31M,358.93M,128.19M,125.02M,85.17M,155.74M
TTWO,2011-03,10.46M,280.36M,120.04M,0,20.94M,-0.26,-0.26,381.32M,0,62.21M,2011-03,24.58M,-22.05M,-4.853M,-4.853M,19.63M,0,107.24M,-19.96M,187.41M,-23.08M,-0.668M,17.25M,182.26M,61.20M,615.28M,971.66M,0.861M,566.60M,230.89M,356.38M,405.06M,125.49M,82.17M,68.63M,84.22M
