Ticker,Date,Accrued Comprehensive Inc,Cash and Short Term Investments,Cost of Goods Sold,Current Debt & Capital Lease Obligation,Current Deferred Liabilities,EPS Basic,EPS Diluted,Goodwill and Intangibles,Gross PP&E,Gross Profit,Income (Quarterly),Net Income,Net Non-Operating Interest Income Expense,Net Operating Interest Income,Net PP&E,Non-Current Deferred Liabilities,Non-Current Portion of LTD and Capital Lease Obligation,Operating Income,Payables and Accrued Expenses,Pre-Tax Income,Provision for Income Taxes,Research and Development Expense,Revenue,SG&A Expense,Shareholders Equity,Total Assets,Total Capital Stock,Total Current Assets,Total Current Liabilities,Total Liabilities,Total Long Term Assets,Total Long Term Liabilities,Total Operating Expenses,Total Payables,Total Receivables
TWTR,2020-12,-66.09M,7.472B,432.92M,1.096B,58.98M,0.28,0.27,1.371B,4.285B,856.12M,2020-12,222.12M,-27.06M,-27.06M,2.424B,31.46M,3.389B,251.92M,626.59M,224.02M,1.903M,247.94M,1.289B,356.25M,7.970B,13.38B,0.004M,8.637B,1.953B,5.409B,4.742B,3.456B,604.19M,234.66M,1.042B
TWTR,2020-09,-90.09M,7.681B,361.39M,1.070B,57.18M,0.04,0.04,1.348B,4.028B,574.84M,2020-09,28.66M,-22.45M,-22.45M,2.221B,28.84M,3.278B,56.11M,650.47M,29.68M,1.024M,208.88M,936.23M,309.86M,7.812B,13.09B,0.004M,8.590B,1.935B,5.277B,4.499B,3.342B,518.74M,272.81M,747.55M
TWTR,2020-06,-93.00M,7.766B,288.04M,144.97M,70.52M,-1.75,-1.75,1.349B,3.497B,395.40M,2020-06,-1.378B,-14.82M,-14.82M,1.783B,26.58M,3.988B,-273.93M,519.32M,-289.11M,1.089B,215.81M,683.44M,453.52M,7.658B,12.55B,0.004M,8.495B,841.11M,4.890B,4.052B,4.048B,669.33M,180.04M,600.78M
TWTR,2020-03,-158.00M,7.671B,284.04M,155.84M,44.73M,-0.01,-0.01,1.334B,3.362B,523.60M,2020-03,-8.396M,-0.373M,-0.373M,1.748B,25.37M,3.981B,-7.443M,383.03M,-15.54M,-7.139M,200.39M,807.64M,330.66M,8.796B,13.54B,0.004M,8.468B,710.02M,4.745B,5.073B,4.035B,531.04M,198.29M,656.38M
TWTR,2019-12,-70.53M,6.639B,314.01M,170.44M,68.99M,0.15,0.15,1.312B,3.280B,693.33M,2019-12,118.77M,7.55M,7.55M,1.729B,24.17M,3.118B,152.88M,402.59M,158.09M,39.32M,198.24M,1.007B,342.21M,8.704B,12.70B,0.004M,7.620B,832.48M,3.999B,5.083B,3.167B,540.45M,207.12M,850.18M
TWTR,2019-09,-115.91M,5.816B,281.06M,166.17M,69.44M,0.05,0.05,1.290B,3.142B,542.66M,2019-09,36.52M,4.122M,4.122M,1.658B,20.33M,2.379B,44.14M,355.55M,47.76M,11.24M,178.55M,823.72M,319.96M,8.416B,11.60B,0.004M,6.624B,762.63M,3.185B,4.976B,2.423B,498.52M,186.44M,684.19M
TWTR,2019-06,-46.94M,6.687B,277.96M,1.099B,72.95M,1.46,1.43,1.298B,3.132B,563.42M,2019-06,1.120B,4.57M,4.57M,1.677B,23.39M,2.395B,75.69M,438.91M,87.78M,-1.032B,159.24M,841.38M,328.49M,8.345B,12.52B,0.004M,7.513B,1.734B,4.177B,5.009B,2.443B,487.73M,243.35M,719.90M
TWTR,2019-03,-56.66M,6.460B,264.01M,1.091B,35.50M,0.25,0.25,1.269B,2.977B,522.88M,2019-03,190.80M,3.281M,3.281M,1.620B,20.26M,2.395B,93.66M,376.08M,96.50M,-94.30M,146.25M,786.89M,282.98M,7.089B,11.15B,0.004M,7.256B,1.622B,4.056B,3.889B,2.435B,429.22M,212.41M,684.22M
TWTR,2018-12,-65.31M,6.209B,268.34M,965.37M,38.95M,0.34,0.33,1.272B,2.165B,640.49M,2018-12,255.30M,-0.26M,-0.26M,885.08M,17.85M,1.755B,206.91M,356.16M,206.54M,-48.77M,141.17M,908.84M,292.41M,6.806B,10.16B,0.004M,7.111B,1.516B,3.357B,3.052B,1.841B,433.58M,184.92M,788.70M
TWTR,2018-09,-63.09M,5.957B,243.64M,960.39M,50.74M,1.04,1.02,1.273B,2.233B,514.47M,2018-09,789.18M,-2.269M,-2.269M,904.03M,20.73M,1.747B,91.87M,311.64M,87.26M,-701.92M,150.76M,758.11M,271.84M,6.453B,9.746B,0.004M,6.720B,1.458B,3.294B,3.026B,1.836B,422.60M,153.17M,621.94M
TWTR,2018-06,-56.43M,5.661B,230.18M,82.06M,67.46M,0.13,0.13,1.278B,2.187B,480.36M,2018-06,100.12M,-8.022M,-8.022M,914.80M,17.08M,2.614B,79.62M,352.17M,65.87M,-34.25M,138.57M,710.54M,262.16M,5.571B,8.861B,0.004M,6.541B,594.42M,3.290B,2.321B,2.696B,400.73M,194.30M,614.94M
TWTR,2018-03,-22.32M,4.529B,222.82M,86.57M,29.07M,0.08,0.08,1.236B,2.027B,442.05M,2018-03,61.00M,-10.83M,-10.83M,801.91M,15.54M,1.722B,74.92M,320.37M,63.88M,2.885M,123.35M,664.87M,243.78M,5.210B,7.539B,0.004M,5.409B,528.65M,2.329B,2.130B,1.800B,367.12M,167.96M,611.84M
TWTR,2017-12,-31.58M,4.403B,217.98M,84.98M,27.82M,0.12,0.12,1.239B,1.928B,513.58M,2017-12,91.08M,-13.35M,-13.35M,773.72M,13.24M,1.709B,110.10M,371.92M,93.55M,2.474M,134.00M,731.56M,269.49M,5.047B,7.412B,0.004M,5.322B,583.28M,2.365B,2.091B,1.782B,403.48M,207.07M,664.27M
TWTR,2017-09,-36.76M,4.258B,210.02M,81.94M,23.09M,-0.03,-0.03,1.242B,1.834B,379.62M,2017-09,-21.10M,-14.70M,-14.70M,753.32M,11.86M,1.691B,7.279M,283.18M,-17.53M,3.564M,136.12M,589.63M,236.22M,4.829B,7.076B,0.004M,5.002B,481.20M,2.246B,2.073B,1.765B,372.34M,138.12M,509.85M
TWTR,2017-06,-46.83M,4.080B,212.91M,80.13M,22.70M,-0.16,-0.16,1.251B,1.781B,360.95M,2017-06,-116.49M,-15.91M,-15.91M,781.27M,9.247M,1.666B,-38.36M,317.91M,-113.08M,3.413M,143.17M,573.86M,256.14M,4.729B,6.963B,0.004M,4.840B,494.58M,2.234B,2.123B,1.740B,399.31M,138.34M,524.06M
TWTR,2017-03,-61.36M,3.944B,220.34M,80.25M,21.88M,-0.09,-0.09,1.263B,1.713B,327.91M,2017-03,-61.56M,-16.89M,-16.89M,782.42M,8.353M,1.638B,-40.28M,312.42M,-58.36M,3.194M,128.73M,548.25M,239.46M,4.690B,6.893B,0.004M,4.695B,488.99M,2.202B,2.197B,1.713B,368.19M,115.61M,501.15M
TWTR,2016-12,-69.25M,3.775B,305.71M,80.85M,33.66M,-0.23,-0.23,1.281B,1.642B,411.50M,2016-12,-167.05M,-1.004M,-1.004M,783.90M,7.556M,1.606B,-143.63M,387.16M,-162.25M,4.808M,202.13M,717.21M,353.00M,4.605B,6.870B,0.004M,4.652B,584.02M,2.265B,2.218B,1.681B,555.12M,156.49M,650.65M
TWTR,2016-09,-46.31M,3.664B,225.16M,82.16M,32.29M,-0.15,-0.15,1.296B,1.600B,390.78M,2016-09,-102.87M,-24.86M,-24.86M,803.30M,8.191M,1.572B,-78.09M,281.26M,-96.31M,6.562M,177.05M,615.93M,291.82M,4.629B,6.743B,0.004M,4.478B,470.60M,2.114B,2.265B,1.643B,468.86M,131.27M,590.11M
TWTR,2016-06,-44.50M,3.588B,202.97M,81.04M,25.30M,-0.15,-0.15,1.314B,1.480B,398.99M,2016-06,-107.22M,-24.93M,-24.93M,758.84M,7.769M,1.540B,-86.38M,268.12M,-104.58M,2.641M,178.51M,601.96M,306.86M,4.557B,6.617B,0.003M,4.382B,449.64M,2.060B,2.235B,1.610B,485.37M,116.17M,556.78M
TWTR,2016-03,-30.49M,3.576B,198.40M,81.69M,18.88M,-0.12,-0.12,1.251B,1.396B,396.12M,2016-03,-79.73M,-24.89M,-24.89M,746.71M,3.847M,1.521B,-59.12M,243.12M,-77.70M,2.028M,155.79M,594.52M,299.44M,4.477B,6.476B,0.003M,4.389B,422.76M,1.999B,2.087B,1.576B,455.23M,115.89M,576.80M
TWTR,2015-12,-45.57M,3.495B,217.96M,88.17M,23.67M,-0.13,-0.13,1.264B,1.314B,492.51M,2015-12,-90.24M,-24.18M,-24.18M,735.30M,2.978M,1.515B,-67.18M,303.29M,-86.83M,3.405M,210.06M,710.47M,349.63M,4.368B,6.442B,0.003M,4.382B,506.04M,2.074B,2.061B,1.568B,559.69M,159.96M,638.69M
TWTR,2015-09,-34.30M,3.489B,200.20M,93.62M,28.81M,-0.2,-0.2,1.270B,1.210B,369.04M,2015-09,-131.69M,-25.24M,-25.24M,699.50M,32.96M,1.508B,-105.24M,216.29M,-128.53M,3.162M,207.94M,569.24M,266.34M,4.274B,6.289B,0.003M,4.264B,427.78M,2.015B,2.026B,1.587B,474.28M,62.64M,536.79M
TWTR,2015-06,-32.83M,3.561B,167.62M,98.61M,22.27M,-0.21,-0.21,1.259B,1.097B,334.76M,2015-06,-136.66M,-24.44M,-24.44M,651.02M,31.77M,1.498B,-131.00M,232.16M,-156.14M,-19.47M,198.91M,502.38M,266.86M,4.231B,6.230B,0.003M,4.270B,424.84M,1.999B,1.960B,1.574B,465.76M,51.61M,475.20M
TWTR,2015-03,-42.96M,3.557B,143.48M,105.95M,18.68M,-0.25,-0.25,802.02M,987.11M,292.46M,2015-03,-162.44M,-24.32M,-24.32M,599.75M,26.08M,1.495B,-146.62M,207.83M,-161.81M,0.632M,189.75M,435.94M,249.33M,3.687B,5.643B,0.003M,4.194B,394.30M,1.956B,1.449B,1.562B,439.08M,48.38M,415.48M
TWTR,2014-12,-10.02M,3.622B,136.61M,112.32M,21.88M,-0.2,-0.2,727.58M,888.27M,342.46M,2014-12,-125.35M,-24.08M,-24.08M,557.02M,24.71M,1.495B,-98.15M,194.80M,-121.66M,3.687M,181.72M,479.08M,258.90M,3.626B,5.583B,0.003M,4.256B,393.79M,1.957B,1.327B,1.563B,440.62M,71.62M,418.45M
TWTR,2014-09,-1.22M,3.648B,124.17M,110.53M,21.44M,-0.29,-0.29,737.98M,788.34M,237.10M,2014-09,-175.46M,-6.079M,-6.079M,503.96M,29.42M,1.415B,-161.43M,227.10M,-175.30M,0.159M,183.34M,361.27M,215.19M,3.525B,5.449B,0.003M,4.174B,442.48M,1.924B,1.275B,1.481B,398.53M,47.96M,324.73M
TWTR,2014-06,0.199M,2.097B,100.03M,99.74M,15.40M,-0.24,-0.24,620.10M,704.94M,212.14M,2014-06,-144.64M,-2.654M,-2.654M,467.63M,31.93M,101.93M,-149.91M,160.41M,-150.24M,-5.599M,177.10M,312.17M,184.96M,3.047B,3.585B,0.003M,2.464B,370.38M,538.22M,1.121B,167.85M,362.05M,34.93M,287.08M
TWTR,2014-03,-0.296M,2.177B,85.50M,90.25M,14.48M,-0.23,-0.23,434.93M,583.26M,164.99M,2014-03,-132.36M,-3.102M,-3.102M,383.27M,29.57M,102.53M,-129.37M,104.76M,-131.14M,1.222M,149.39M,250.49M,144.97M,2.937B,3.356B,0.003M,2.505B,261.25M,419.36M,850.83M,158.11M,294.36M,29.79M,237.86M
TWTR,2013-12,-0.323M,2.234B,112.65M,87.13M,0,-1.41,-1.41,441.10M,499.73M,130.02M,2013-12,-511.47M,-3.103M,-3.103M,332.66M,59.50M,110.52M,-509.68M,93.94M,-514.79M,-3.317M,394.85M,242.68M,244.85M,2.950B,3.366B,0.003M,2.575B,225.43M,416.23M,791.56M,190.80M,639.70M,37.51M,247.33M
TWTR,2013-09,-0.343M,321.08M,62.24M,70.78M,0,-0.1186,-0.1186,183.13M,423.52M,106.34M,2013-09,-64.60M,-1.727M,-1.727M,284.02M,0,89.70M,-63.33M,79.36M,-64.24M,0.36M,87.31M,168.58M,82.37M,705.04M,992.80M,0.002M,498.16M,166.17M,287.76M,494.64M,121.59M,169.67M,17.90M,147.54M
TWTR,2013-06,-0.653M,375.06M,50.57M,61.54M,3.574M,-0.0896,-0.0896,178.15M,357.03M,88.72M,2013-06,-42.22M,-1.513M,-1.513M,242.55M,12.16M,80.13M,-38.92M,66.97M,-41.45M,0.777M,64.26M,139.29M,63.37M,716.90M,964.06M,0.002M,522.72M,139.90M,247.16M,441.34M,107.26M,127.64M,17.77M,123.71M
TWTR,2013-03,-0.657M,424.86M,41.26M,48.84M,0,-0.0574,-0.0574,72.57M,258.81M,73.09M,2013-03,-27.03M,-1.233M,-1.233M,185.57M,0,65.73M,-23.91M,49.00M,-26.67M,0.357M,47.57M,114.34M,49.42M,-248.17M,831.57M,0.001M,554.47M,109.88M,1.080B,277.10M,969.86M,97.00M,14.14M,112.16M
TWTR,2012-12,0,0,36.92M,0,0,-0.0185,-0.0185,0,0,75.33M,2012-12,-8.705M,-0.83M,-0.83M,0,0,0,-8.776M,0,-10.13M,-1.428M,40.34M,112.25M,43.76M,0,0,0,0,0,0,0,0,84.10M,0,0
TWTR,2012-09,0,0,33.69M,0,0,-0.0458,-0.0458,0,0,48.63M,2012-09,-21.59M,-0.766M,-0.766M,0,0,0,-21.30M,0,-21.13M,0.461M,32.32M,82.33M,37.62M,0,0,0,0,0,0,0,0,69.94M,0,0
