Ticker,Date,Accrued Comprehensive Inc,Cash and Short Term Investments,Cost of Goods Sold,Current Debt & Capital Lease Obligation,Current Deferred Liabilities,EPS Basic,EPS Diluted,Goodwill and Intangibles,Gross PP&E,Gross Profit,Income (Quarterly),Inventories,Net Income,Net Non-Operating Interest Income Expense,Net Operating Interest Income,Net PP&E,Non-Current Deferred Liabilities,Non-Current Portion of LTD and Capital Lease Obligation,Operating Income,Payables and Accrued Expenses,Pre-Tax Income,Provision for Income Taxes,Research and Development Expense,Revenue,SG&A Expense,Shareholders Equity,Total Assets,Total Capital Stock,Total Current Assets,Total Current Liabilities,Total Liabilities,Total Long Term Assets,Total Long Term Liabilities,Total Operating Expenses,Total Payables,Total Receivables
TYL,2020-12,-0.046M,675.81M,144.62M,5.904M,461.28M,1.34,1.29,1.170B,324.65M,138.67M,2020-12,0,54.09M,0.99M,0.99M,186.74M,40.61M,16.28M,48.04M,97.10M,48.41M,-5.682M,22.41M,283.28M,62.74M,1.986B,2.607B,0.481M,1.113B,564.28M,621.16M,1.494B,56.89M,90.63M,14.01M,403.92M
TYL,2020-09,-0.046M,574.28M,142.24M,5.78M,436.50M,0.98,0.94,1.182B,186.15M,143.51M,2020-09,0,39.28M,0.586M,0.586M,186.15M,46.10M,12.87M,49.66M,92.76M,49.94M,10.65M,21.64M,285.75M,66.82M,1.898B,2.492B,0.481M,990.60M,535.04M,594.02M,1.502B,58.97M,93.85M,11.07M,383.42M
TYL,2020-06,-0.046M,403.69M,139.89M,6.217M,423.04M,1.35,1.3,1.194B,191.63M,131.20M,2020-06,0,53.89M,0,0,191.63M,44.88M,14.13M,41.34M,65.01M,41.81M,-12.08M,21.95M,271.09M,62.52M,1.829B,2.383B,0.481M,873.94M,494.26M,553.27M,1.509B,59.01M,89.86M,8.64M,433.67M
TYL,2020-03,-0.046M,340.24M,147.41M,6.373M,365.96M,1.2,1.16,1.207B,193.45M,129.13M,2020-03,0,47.55M,0,0,193.45M,45.94M,15.55M,33.89M,72.72M,34.88M,-12.67M,22.36M,276.54M,67.48M,1.713B,2.219B,0.481M,712.22M,445.06M,506.54M,1.507B,61.49M,95.24M,12.96M,334.80M
TYL,2019-12,-0.046M,272.08M,146.56M,6.387M,412.50M,1.2,1.15,1.219B,303.44M,142.28M,2019-12,0,46.79M,0,0,190.85M,48.64M,16.82M,45.16M,90.21M,47.79M,1.00M,21.17M,288.84M,70.26M,1.617B,2.192B,0.481M,679.70M,509.09M,574.56M,1.512B,65.46M,97.12M,14.98M,380.57M
TYL,2019-09,-0.046M,194.37M,144.68M,6.413M,391.56M,1.04,1,1.204B,190.12M,130.72M,2019-09,0,40.39M,0,0,190.12M,40.54M,18.13M,40.05M,78.84M,40.55M,0.162M,21.13M,275.40M,63.89M,1.520B,2.055B,0.481M,569.81M,476.81M,535.49M,1.485B,58.68M,90.66M,9.06M,347.99M
TYL,2019-06,-0.046M,42.37M,147.26M,6.039M,368.49M,0.83,0.8,1.213B,190.50M,127.86M,2019-06,0,32.00M,0,0,190.50M,40.30M,33.77M,36.67M,79.20M,36.42M,4.42M,20.10M,275.12M,65.83M,1.422B,1.949B,0.481M,453.57M,453.73M,527.80M,1.496B,74.07M,91.19M,8.311M,381.38M
TYL,2019-03,-0.046M,76.40M,131.02M,5.777M,319.90M,0.71,0.69,1.224B,184.68M,116.05M,2019-03,0,27.35M,0,0,184.68M,43.22M,103.96M,34.49M,77.70M,35.08M,7.729M,18.94M,247.07M,57.77M,1.359B,1.909B,0.481M,402.27M,403.38M,550.56M,1.507B,147.18M,81.56M,13.88M,298.98M
TYL,2018-12,-0.046M,178.58M,126.11M,0,350.51M,0.82,0.79,1.031B,244.52M,115.87M,2018-12,0,31.55M,0,0,155.18M,42.22M,0,38.93M,73.39M,40.11M,8.555M,17.34M,241.98M,55.13M,1.325B,1.791B,0.481M,518.86M,423.90M,466.12M,1.272B,42.22M,76.94M,6.91M,303.61M
TYL,2018-09,-0.046M,271.80M,124.44M,0,326.42M,1,0.96,1.032B,0,111.63M,2018-09,0,38.92M,0,0,156.50M,45.46M,0,37.58M,70.62M,38.63M,-0.298M,17.05M,236.07M,52.60M,1.422B,1.865B,0.481M,601.69M,397.04M,442.50M,1.263B,45.46M,74.04M,4.597M,294.80M
TYL,2018-06,-0.046M,152.71M,126.78M,0,316.08M,1.02,0.97,1.033B,224.01M,109.28M,2018-06,0,39.16M,0,0,154.46M,45.59M,10.00M,37.14M,57.80M,37.70M,-1.461M,15.83M,236.06M,52.26M,1.340B,1.760B,0.481M,501.99M,373.88M,419.47M,1.258B,45.59M,72.13M,4.839M,312.35M
TYL,2018-03,-0.046M,276.47M,118.37M,0,268.13M,1,0.95,878.80M,180.85M,102.80M,2018-03,0,37.82M,0,0,154.25M,44.86M,34.00M,38.84M,51.42M,39.44M,1.612M,13.05M,221.17M,47.60M,1.261B,1.626B,0.481M,532.64M,319.55M,364.41M,1.093B,44.86M,63.97M,6.421M,223.80M
TYL,2017-12,-0.046M,229.08M,112.35M,0,298.61M,1.64,1.56,887.60M,0,105.35M,2017-12,0,66.20M,0,0,152.32M,48.15M,135.00M,44.35M,72.85M,45.26M,-20.94M,12.02M,217.70M,45.62M,1.192B,1.611B,0.481M,520.82M,371.46M,419.62M,1.091B,48.15M,61.00M,8.174M,257.53M
TYL,2017-09,-0.046M,164.51M,110.72M,0,297.16M,1.04,0.99,900.59M,0,103.99M,2017-09,0,38.84M,0,0,149.14M,56.03M,140.00M,44.28M,62.15M,44.36M,5.521M,11.83M,214.71M,44.51M,1.078B,1.493B,0.481M,399.72M,359.31M,415.34M,1.093B,56.03M,59.71M,4.563M,209.81M
TYL,2017-06,-0.046M,79.78M,113.26M,0,304.13M,0.86,0.81,904.60M,0,95.50M,2017-06,0,31.77M,0,0,147.96M,61.32M,0,37.30M,55.45M,37.20M,5.427M,11.87M,208.76M,43.00M,1.018B,1.439B,0.481M,352.28M,359.58M,420.91M,1.086B,61.32M,58.20M,9.448M,246.04M
TYL,2017-03,-0.046M,83.79M,105.19M,0,270.21M,0.89,0.84,908.52M,0,94.54M,2017-03,0,32.77M,0,0,142.11M,66.60M,0,36.83M,52.04M,36.64M,3.872M,11.60M,199.73M,42.78M,966.84M,1.356B,0.481M,271.58M,322.24M,388.84M,1.084B,66.60M,57.70M,10.81M,163.72M
TYL,2016-12,-0.046M,56.42M,100.46M,0,298.22M,0.85,0.8,917.50M,0,96.65M,2016-12,0,35.04M,0,0,124.27M,70.92M,0,41.76M,63.28M,41.47M,6.43M,11.79M,197.12M,40.18M,915.52M,1.358B,0.481M,282.96M,361.50M,442.42M,1.075B,80.92M,54.90M,7.295M,203.23M
TYL,2016-09,-0.046M,47.08M,101.02M,0,288.32M,0.97,0.91,923.85M,0,93.48M,2016-09,0,35.43M,0,0,120.96M,88.02M,0,36.94M,60.18M,36.42M,0.989M,11.07M,194.50M,42.01M,882.26M,1.353B,0.481M,277.33M,348.49M,470.51M,1.075B,122.02M,56.54M,5.992M,206.11M
TYL,2016-06,-0.046M,63.97M,102.04M,0,296.48M,0.69,0.65,940.88M,0,86.94M,2016-06,0,25.01M,0,0,115.89M,95.81M,0,30.92M,56.45M,30.20M,5.188M,10.34M,188.97M,42.23M,829.31M,1.413B,0.481M,323.95M,352.93M,583.74M,1.089B,230.81M,56.02M,6.574M,233.48M
TYL,2016-03,-0.046M,53.67M,97.18M,0,250.11M,0.5,0.47,941.64M,0,82.12M,2016-03,0,18.22M,0,0,114.29M,96.34M,0,28.04M,39.58M,27.57M,9.35M,9.956M,179.29M,40.76M,791.99M,1.318B,0.481M,225.54M,289.68M,526.02M,1.092B,236.34M,54.08M,6.316M,149.13M
TYL,2015-12,-0.046M,46.51M,85.69M,0,281.63M,0.24,0.23,949.04M,144.32M,73.22M,2015-12,0,8.618M,0,0,101.11M,94.14M,66.00M,19.78M,55.94M,19.54M,10.92M,8.615M,158.92M,42.51M,858.86M,1.357B,0.481M,268.22M,337.57M,497.71M,1.088B,160.14M,53.44M,6.789M,197.44M
TYL,2015-09,-0.046M,247.74M,79.01M,0,200.89M,0.59,0.55,161.63M,105.15M,71.83M,2015-09,0,20.14M,0,0,68.09M,4.813M,0,31.49M,41.58M,31.74M,11.60M,7.193M,150.84M,31.87M,431.10M,678.38M,0.481M,411.50M,242.47M,247.29M,266.88M,4.813M,40.34M,4.385M,129.23M
TYL,2015-06,-0.046M,204.10M,78.04M,0,201.55M,0.56,0.52,163.47M,96.47M,68.25M,2015-06,0,18.84M,0,0,67.91M,4.673M,0,29.60M,39.20M,29.78M,10.94M,7.11M,146.30M,30.40M,400.62M,646.03M,0.481M,395.52M,240.74M,245.42M,250.51M,4.673M,38.66M,4.385M,152.18M
TYL,2015-03,-0.046M,194.72M,71.09M,0,164.71M,0.51,0.48,157.26M,0,63.88M,2015-03,0,17.27M,0,0,67.30M,4.34M,0,27.18M,32.95M,27.36M,10.09M,7.004M,134.97M,28.54M,366.39M,568.38M,0.481M,327.78M,197.65M,201.99M,240.61M,4.34M,36.70M,10.19M,105.79M
TYL,2014-12,-0.046M,206.17M,66.95M,0,189.21M,0.46,0.43,158.86M,0,60.49M,2014-12,0,15.32M,0,0,65.91M,4.911M,0,24.59M,43.63M,24.76M,9.443M,6.615M,127.44M,28.13M,336.97M,569.81M,0.481M,337.04M,232.84M,232.84M,232.78M,0,35.90M,4.119M,112.68M
TYL,2014-09,-0.046M,157.43M,66.87M,0,185.84M,0.52,0.48,160.38M,0,61.79M,2014-09,0,17.00M,0,0,66.69M,4.574M,0,26.74M,35.52M,26.70M,9.698M,6.567M,128.66M,27.34M,295.99M,522.26M,0.481M,293.00M,221.36M,226.27M,229.26M,4.911M,35.05M,3.397M,111.80M
TYL,2014-06,-0.046M,88.89M,65.81M,0,184.58M,0.45,0.42,156.82M,0,58.56M,2014-06,0,14.74M,0,0,67.16M,6.155M,0,23.62M,31.19M,23.41M,8.666M,6.389M,124.37M,27.42M,266.48M,486.82M,0.481M,261.03M,215.76M,220.34M,225.78M,4.574M,34.94M,2.584M,147.94M
TYL,2014-03,-0.046M,97.14M,60.10M,0,139.30M,0.36,0.33,158.39M,0,52.53M,2014-03,0,11.88M,0,0,66.22M,6.059M,0,19.86M,22.08M,19.60M,7.72M,6.172M,112.63M,25.37M,266.70M,434.24M,0.481M,207.62M,161.38M,167.54M,226.62M,6.155M,32.67M,2.572M,86.62M
TYL,2013-12,-0.046M,78.88M,57.97M,0,156.74M,0.32,0.3,160.00M,0,52.77M,2013-12,0,10.51M,0,0,64.84M,4.141M,0,19.45M,35.37M,19.06M,8.55M,6.095M,110.74M,26.09M,246.32M,444.49M,0.481M,217.24M,192.11M,198.17M,227.25M,6.059M,33.32M,2.533M,116.29M
TYL,2013-09,-0.209M,52.12M,57.47M,0,151.51M,0.34,0.32,161.64M,0,49.55M,2013-09,0,11.05M,0,0,63.14M,0,0,17.86M,30.14M,17.57M,6.523M,5.982M,107.02M,24.58M,207.63M,393.42M,0.481M,164.76M,181.65M,185.79M,228.65M,4.141M,31.69M,6.974M,90.50M
TYL,2013-06,-0.209M,3.068M,56.05M,0,155.90M,0.29,0.26,163.30M,73.52M,47.04M,2013-06,0,9.047M,0,0,55.38M,5.511M,18.00M,15.35M,27.36M,15.05M,6.006M,5.594M,103.09M,24.97M,180.16M,368.93M,0.481M,146.55M,183.26M,188.77M,222.38M,5.511M,31.69M,3.776M,121.26M
TYL,2013-03,-0.268M,4.495M,51.95M,0,125.38M,0.27,0.25,165.04M,66.06M,43.84M,2013-03,0,8.493M,0,0,48.17M,5.363M,28.00M,14.47M,24.43M,14.13M,5.639M,5.598M,95.80M,22.65M,160.20M,315.37M,0.481M,97.55M,149.81M,155.18M,217.82M,5.363M,29.38M,2.528M,76.22M
TYL,2012-12,-0.268M,6.406M,50.73M,0,140.55M,0.3,0.28,166.81M,0,44.64M,2012-12,0,9.376M,0,0,45.38M,5.632M,65.70M,15.42M,29.18M,15.04M,5.659M,5.365M,95.37M,22.76M,145.30M,338.67M,0.481M,122.05M,169.74M,193.37M,216.61M,23.63M,29.22M,3.167M,99.62M
TYL,2012-09,-0.273M,0.103M,48.90M,0,120.13M,0.36,0.33,155.07M,0,44.94M,2012-09,0,10.83M,0,0,43.02M,5.431M,56.00M,18.66M,24.53M,17.81M,6.978M,4.273M,93.84M,20.91M,118.01M,296.09M,0.481M,94.06M,144.65M,178.08M,202.03M,33.43M,26.28M,2.169M,78.22M
TYL,2012-06,-0.355M,0.362M,50.67M,0,125.72M,0.24,0.22,156.74M,0,40.70M,2012-06,0,7.105M,0,0,42.50M,5.127M,60.70M,12.46M,24.29M,11.68M,4.577M,5.408M,91.37M,21.70M,99.61M,320.45M,0.481M,117.26M,150.01M,220.84M,203.19M,70.83M,28.24M,1.768M,100.46M
TYL,2012-03,-0.355M,9.932M,45.30M,0,109.38M,0.19,0.17,148.52M,0,37.42M,2012-03,0,5.681M,0,0,40.72M,4.994M,58.00M,10.04M,19.64M,9.341M,3.66M,5.094M,82.72M,21.34M,87.75M,277.76M,0.481M,83.68M,129.02M,190.02M,194.08M,60.99M,27.38M,4.708M,58.89M
TYL,2011-12,-0.355M,1.351M,43.06M,0,123.68M,0.29,0.27,141.72M,0,39.02M,2011-12,0,8.699M,0,0,40.92M,4.941M,31.50M,14.32M,27.96M,13.50M,4.805M,2.634M,82.08M,21.14M,78.11M,295.39M,0.481M,107.09M,151.64M,217.28M,188.30M,65.64M,24.70M,3.211M,90.01M
TYL,2011-09,-0.275M,5.28M,41.05M,0,108.11M,0.24,0.23,121.64M,0,36.13M,2011-09,0,7.506M,0,0,40.78M,5.972M,22.50M,12.38M,24.94M,11.82M,4.312M,4.196M,77.18M,18.76M,64.71M,261.74M,0.481M,94.33M,133.05M,197.02M,167.40M,63.97M,23.75M,3.736M,75.46M
TYL,2011-06,-0.275M,1.437M,42.60M,0,110.46M,0.18,0.17,122.79M,0,34.14M,2011-06,0,5.624M,0,0,40.51M,5.952M,0,9.833M,22.80M,9.309M,3.685M,5.035M,76.74M,18.47M,104.45M,275.15M,0.481M,107.33M,133.25M,170.70M,167.82M,37.45M,24.30M,2.331M,90.49M
TYL,2011-03,-0.275M,2.248M,40.77M,0,91.79M,0.18,0.17,123.94M,0,32.62M,2011-03,0,5.728M,0,0,41.39M,5.911M,0,9.982M,23.80M,9.482M,3.754M,4.549M,73.39M,17.29M,108.40M,252.40M,0.481M,81.64M,115.59M,144.00M,170.76M,28.41M,22.64M,3.894M,66.47M
