Ticker,Date,Accrued Comprehensive Inc,Cash and Short Term Investments,Cost of Goods Sold,Current Debt & Capital Lease Obligation,Current Deferred Liabilities,EPS Basic,EPS Diluted,Goodwill and Intangibles,Gross PP&E,Gross Profit,Income (Quarterly),Inventories,Net Income,Net Non-Operating Interest Income Expense,Net Operating Interest Income,Net PP&E,Non-Current Deferred Liabilities,Non-Current Portion of LTD and Capital Lease Obligation,Operating Income,Payables and Accrued Expenses,Pre-Tax Income,Provision for Income Taxes,Revenue,SG&A Expense,Shareholders Equity,Total Assets,Total Capital Stock,Total Current Assets,Total Current Liabilities,Total Liabilities,Total Long Term Assets,Total Long Term Liabilities,Total Operating Expenses,Total Payables,Total Receivables
UAL,2021-03,-1.126B,12.98B,5.02B,2.585B,6.753B,-4.29,-4.29,7.367B,53.39B,-1.799B,2021-03,918.00M,-1.357B,-329.00M,-329.00M,36.43B,4.858B,31.07B,-948.00M,4.105B,-1.751B,-394.00M,3.221B,85.00M,5.206B,61.66B,4.00M,16.02B,14.17B,56.46B,45.64B,42.29B,-851.00M,1.838B,1.389B
UAL,2020-12,-1.139B,11.68B,4.79B,2.705B,5.741B,-6.083,-6.39,7.365B,52.43B,-1.378B,2020-12,932.00M,-1.897B,-329.00M,-329.00M,36.00B,5.067B,30.05B,-1.831B,3.555B,-2.373B,-476.00M,3.412B,80.00M,5.96B,59.55B,4.00M,14.80B,12.72B,53.59B,44.75B,40.86B,453.00M,1.595B,1.295B
UAL,2020-09,-1.009B,13.70B,4.453B,5.343B,5.679B,-6.33,-6.33,7.379B,52.36B,-1.964B,2020-09,961.00M,-1.841B,-321.00M,-321.00M,36.19B,5.452B,27.52B,-1.202B,3.825B,-2.332B,-491.00M,2.489B,53.00M,7.003B,61.19B,3.00M,16.48B,15.79B,54.19B,44.71B,38.40B,-762.00M,1.831B,1.171B
UAL,2020-06,-1.259B,7.463B,4.002B,5.145B,7.298B,-5.79,-5.79,7.375B,52.05B,-2.527B,2020-06,955.00M,-1.627B,-168.00M,-168.00M,36.47B,5.634B,19.75B,-1.497B,3.394B,-2.003B,-376.00M,1.475B,31.00M,8.517B,54.90B,3.00M,10.04B,16.40B,46.38B,44.86B,29.99B,-1.03B,1.725B,857.00M
UAL,2020-03,-771.00M,5.221B,7.14B,4.802B,6.664B,-6.86,-6.86,7.468B,51.68B,839.00M,2020-03,1.07B,-1.704B,-124.00M,-124.00M,36.66B,5.455B,18.63B,-909.00M,4.083B,-2.114B,-410.00M,7.979B,295.00M,9.418B,53.06B,3.00M,7.905B,16.09B,43.64B,45.15B,27.55B,1.748B,2.436B,792.00M
UAL,2019-12,-718.00M,4.944B,7.85B,2.139B,7.259B,2.552,2.53,7.532B,49.46B,3.038B,2019-12,1.072B,641.00M,-111.00M,-111.00M,34.93B,4.572B,18.31B,991.00M,4.974B,844.00M,203.00M,10.89B,417.00M,11.53B,52.61B,3.00M,8.194B,14.94B,41.08B,44.42B,26.14B,2.047B,2.703B,1.364B
UAL,2019-09,-504.00M,5.126B,7.857B,2.113B,8.052B,4.01,3.99,7.637B,48.42B,3.523B,2019-09,1.065B,1.024B,-133.00M,-133.00M,34.27B,4.276B,18.03B,1.50B,4.952B,1.349B,325.00M,11.38B,432.00M,11.30B,52.20B,3.00M,8.533B,15.69B,40.90B,43.67B,25.21B,2.023B,2.848B,1.617B
UAL,2019-06,-807.00M,5.444B,7.871B,2.009B,8.561B,4.03,4.02,7.652B,47.52B,3.531B,2019-06,996.00M,1.052B,-132.00M,-132.00M,33.83B,3.955B,18.17B,1.543B,4.904B,1.354B,302.00M,11.40B,442.00M,10.32B,52.15B,3.00M,8.91B,16.08B,41.83B,43.24B,25.75B,1.988B,3.033B,1.762B
UAL,2019-03,-793.00M,4.067B,7.208B,1.973B,8.394B,1.09,1.09,7.667B,47.39B,2.381B,2019-03,972.00M,292.00M,-137.00M,-137.00M,33.65B,3.648B,18.12B,513.00M,4.367B,367.00M,75.00M,9.589B,360.00M,9.802B,50.64B,3.00M,7.608B,15.34B,40.84B,43.03B,25.50B,1.868B,2.707B,1.789B
UAL,2018-12,-803.00M,3.95B,7.651B,2.072B,6.667B,1.712,1.7,7.682B,45.93B,2.84B,2018-12,985.00M,461.00M,-123.00M,-123.00M,32.66B,3.547B,17.72B,936.00M,4.547B,553.00M,92.00M,10.49B,396.00M,10.04B,49.02B,3.00M,7.094B,13.84B,38.98B,41.93B,25.14B,1.904B,2.363B,1.426B
UAL,2018-09,-1.089B,4.935B,7.905B,1.046B,7.468B,3.06,3.05,7.905B,40.63B,3.098B,2018-09,1.011B,833.00M,-128.00M,-128.00M,27.31B,3.351B,13.33B,1.204B,4.585B,1.058B,225.00M,11.00B,427.00M,9.469B,44.84B,3.00M,8.671B,13.68B,35.37B,36.17B,21.68B,1.894B,2.581B,1.752B
UAL,2018-06,-1.102B,5.071B,7.681B,1.004B,8.032B,2.48,2.48,7.922B,39.75B,3.096B,2018-06,942.00M,683.00M,-126.00M,-126.00M,26.95B,3.202B,13.50B,1.274B,4.485B,855.00M,172.00M,10.78B,393.00M,8.639B,44.69B,3.00M,8.881B,14.09B,36.05B,35.81B,21.96B,1.822B,2.703B,1.84B
UAL,2018-03,-1.114B,4.475B,6.991B,1.779B,7.722B,0.51,0.51,8.044B,39.08B,2.041B,2018-03,924.00M,145.00M,-127.00M,-127.00M,26.74B,2.966B,13.18B,302.00M,4.036B,182.00M,37.00M,9.032B,342.00M,8.336B,44.02B,3.00M,8.287B,14.18B,35.68B,35.73B,21.50B,1.739B,2.399B,1.76B
UAL,2017-12,-1.147B,3.798B,6.919B,1.693B,6.132B,2.021,1.99,8.062B,38.14B,2.532B,2017-12,924.00M,578.00M,-102.00M,-102.00M,26.21B,2.795B,12.70B,754.00M,4.362B,603.00M,25.00M,9.451B,354.00M,8.734B,42.35B,3.00M,7.133B,12.76B,33.61B,35.21B,20.85B,1.778B,2.196B,1.34B
UAL,2017-09,-824.00M,4.328B,6.898B,1.641B,6.529B,2.15,2.15,8.081B,37.90B,3.001B,2017-09,937.00M,645.00M,-132.00M,-132.00M,25.63B,3.152B,12.30B,1.188B,4.214B,993.00M,348.00M,9.899B,377.00M,8.97B,42.56B,3.00M,7.877B,13.09B,33.60B,34.69B,20.51B,1.813B,2.231B,1.603B
UAL,2017-06,-844.00M,4.649B,6.761B,1.551B,7.171B,2.67,2.67,8.115B,36.79B,3.247B,2017-06,882.00M,821.00M,-133.00M,-133.00M,25.02B,3.013B,11.61B,1.481B,4.037B,1.277B,456.00M,10.01B,385.00M,8.854B,42.31B,3.00M,8.248B,13.60B,33.45B,34.06B,19.86B,1.766B,2.225B,1.499B
UAL,2017-03,-836.00M,4.379B,6.427B,829.00M,7.121B,0.32,0.32,8.135B,35.58B,1.999B,2017-03,900.00M,99.00M,-128.00M,-128.00M,24.24B,3.132B,12.01B,371.00M,3.704B,150.00M,51.00M,8.426B,319.00M,8.449B,41.44B,3.00M,7.724B,12.66B,33.00B,33.72B,20.33B,1.628B,2.135B,1.429B
UAL,2016-12,-829.00M,4.428B,6.24B,965.00M,5.865B,1.262,1.26,8.155B,34.23B,2.814B,2016-12,873.00M,368.00M,-173.00M,-173.00M,23.32B,3.178B,10.74B,1.087B,4.446B,838.00M,470.00M,9.054B,408.00M,8.659B,40.14B,3.00M,7.309B,12.29B,31.48B,32.83B,19.20B,1.727B,2.139B,1.176B
UAL,2016-09,-798.00M,4.856B,6.468B,1.093B,6.726B,3.02,3.01,8.177B,33.13B,3.445B,2016-09,842.00M,965.00M,-116.00M,-116.00M,22.64B,3.317B,10.36B,1.669B,4.42B,1.51B,545.00M,9.913B,345.00M,8.439B,40.33B,4.00M,7.97B,13.25B,31.89B,32.36B,18.64B,1.776B,2.138B,1.481B
UAL,2016-06,-734.00M,4.685B,6.235B,1.40B,7.455B,1.78,1.78,8.20B,32.56B,3.161B,2016-06,798.00M,588.00M,-134.00M,-134.00M,22.39B,3.555B,10.02B,1.494B,4.209B,931.00M,343.00M,9.396B,339.00M,7.784B,40.48B,4.00M,7.844B,13.98B,32.69B,32.63B,18.71B,1.667B,2.24B,1.45B
UAL,2016-03,-777.00M,3.972B,5.814B,1.409B,7.056B,0.88,0.88,8.635B,31.76B,2.381B,2016-03,759.00M,313.00M,-137.00M,-137.00M,22.01B,3.755B,10.20B,839.00M,3.887B,494.00M,181.00M,8.195B,303.00M,7.84B,40.37B,4.00M,7.224B,13.38B,32.53B,33.15B,19.15B,1.542B,2.065B,1.581B
UAL,2015-12,-831.00M,5.196B,6.212B,1.359B,5.87B,2.24,2.24,8.659B,30.92B,2.824B,2015-12,738.00M,823.00M,-145.00M,-145.00M,21.58B,3.836B,10.40B,1.212B,4.219B,905.00M,82.00M,9.036B,316.00M,8.966B,40.86B,4.00M,7.828B,12.41B,31.90B,33.03B,19.48B,1.612B,1.869B,1.128B
UAL,2015-09,-934.00M,5.599B,6.669B,1.449B,6.63B,12.83,12.82,8.716B,30.20B,3.637B,2015-09,704.00M,4.816B,-146.00M,-146.00M,21.18B,3.866B,10.67B,1.975B,4.269B,1.606B,-3.21B,10.31B,366.00M,8.555B,41.87B,4.00M,10.10B,13.49B,33.31B,31.77B,19.83B,1.662B,2.082B,1.513B
UAL,2015-06,-812.00M,4.985B,6.766B,1.158B,7.291B,3.14,3.14,8.743B,29.36B,3.148B,2015-06,656.00M,1.193B,-148.00M,-148.00M,20.70B,5.62B,10.50B,1.50B,4.168B,1.197B,4.00M,9.914B,348.00M,4.122B,39.37B,4.00M,8.793B,13.81B,35.24B,30.57B,21.44B,1.648B,2.322B,1.471B
UAL,2015-03,-977.00M,5.608B,6.305B,1.812B,6.991B,1.33,1.32,8.78B,28.19B,2.303B,2015-03,631.00M,508.00M,-156.00M,-156.00M,19.86B,5.725B,10.47B,805.00M,3.671B,511.00M,3.00M,8.608B,312.00M,3.008B,39.09B,4.00M,9.509B,13.97B,36.08B,29.58B,22.11B,1.498B,2.074B,1.471B
UAL,2014-12,-1.079B,4.384B,7.007B,1.423B,5.759B,0.08,0.07,8.807B,27.43B,2.306B,2014-12,666.00M,28.00M,-159.00M,-159.00M,19.47B,5.096B,10.52B,804.00M,3.70B,23.00M,-5.00M,9.313B,334.00M,2.396B,36.60B,4.00M,7.547B,12.51B,34.20B,29.05B,21.69B,1.502B,1.882B,1.146B
UAL,2014-09,388.00M,5.514B,7.714B,1.439B,6.604B,2.5,2.37,8.853B,26.70B,2.849B,2014-09,700.00M,924.00M,-165.00M,-165.00M,18.94B,5.56B,10.66B,1.234B,3.736B,920.00M,-4.00M,10.56B,375.00M,3.864B,38.01B,4.00M,9.225B,12.86B,34.15B,28.79B,21.28B,1.615B,2.085B,1.559B
UAL,2014-06,589.00M,5.796B,7.556B,1.266B,7.174B,2.12,2.01,8.895B,26.38B,2.773B,2014-06,685.00M,789.00M,-169.00M,-169.00M,18.86B,5.537B,11.05B,1.075B,3.901B,791.00M,2.00M,10.33B,346.00M,3.347B,38.45B,4.00M,9.619B,13.33B,35.10B,28.83B,21.77B,1.698B,2.441B,1.665B
UAL,2014-03,580.00M,5.024B,7.292B,1.29B,7.122B,-1.66,-1.66,8.925B,25.63B,1.404B,2014-03,641.00M,-609.00M,-168.00M,-168.00M,18.38B,5.483B,10.83B,-297.00M,3.695B,-606.00M,3.00M,8.696B,318.00M,2.579B,37.18B,4.00M,8.788B,13.09B,34.61B,28.40B,21.52B,1.701B,2.332B,1.609B
UAL,2013-12,608.00M,5.121B,7.289B,1.485B,5.774B,0.39,0.37,8.959B,24.98B,2.04B,2013-12,667.00M,140.00M,-174.00M,-174.00M,18.05B,5.535B,10.92B,400.00M,3.783B,112.00M,-28.00M,9.329B,338.00M,2.984B,36.81B,4.00M,8.702B,12.11B,33.83B,28.11B,21.72B,1.64B,2.087B,1.503B
UAL,2013-09,-493.00M,5.736B,7.77B,1.074B,6.501B,1.06,0.98,9.01B,24.42B,2.458B,2013-09,646.00M,379.00M,-178.00M,-178.00M,17.77B,5.517B,10.98B,719.00M,3.97B,382.00M,3.00M,10.23B,377.00M,1.728B,37.26B,4.00M,9.389B,12.60B,35.53B,27.87B,22.93B,1.739B,2.126B,1.693B
UAL,2013-06,-569.00M,5.964B,7.518B,1.028B,7.144B,1.37,1.21,9.046B,24.01B,2.483B,2013-06,555.00M,469.00M,-176.00M,-176.00M,17.58B,5.624B,10.94B,822.00M,3.778B,471.00M,2.00M,10.00B,347.00M,1.217B,37.47B,4.00M,9.621B,12.93B,36.25B,27.85B,23.32B,1.661B,2.298B,1.732B
UAL,2013-03,-1.027B,5.39B,7.348B,1.20B,6.945B,-1.256,-1.256,9.084B,23.49B,1.373B,2013-03,690.00M,-417.00M,-185.00M,-185.00M,17.44B,5.728B,10.95B,-172.00M,3.748B,-426.00M,-9.00M,8.721B,328.00M,94.00M,36.84B,3.00M,9.148B,12.89B,36.75B,27.69B,23.86B,1.545B,2.293B,1.679B
UAL,2012-12,-1.046B,6.543B,7.20B,1.934B,5.724B,-1.87,-1.87,9.12B,23.01B,1.502B,2012-12,695.00M,-620.00M,-186.00M,-186.00M,17.29B,5.836B,11.23B,-26.00M,4.075B,-632.00M,-12.00M,8.702B,314.00M,481.00M,37.63B,3.00M,10.05B,12.82B,37.15B,27.58B,24.33B,1.528B,2.312B,1.338B
UAL,2012-09,-319.00M,6.68B,7.669B,1.824B,6.254B,0.02,0.02,9.173B,22.24B,2.24B,2012-09,675.00M,6.00M,-189.00M,-189.00M,16.81B,4.488B,10.42B,714.00M,2.188B,15.00M,9.00M,9.909B,356.00M,1.827B,37.90B,3.00M,10.77B,13.06B,36.08B,27.13B,23.02B,1.526B,2.188B,1.862B
UAL,2012-06,-499.00M,7.704B,7.639B,1.468B,7.193B,1.02,0.89,9.204B,21.70B,2.30B,2012-06,611.00M,339.00M,-197.00M,-197.00M,16.58B,4.518B,10.98B,781.00M,2.165B,340.00M,1.00M,9.939B,345.00M,1.635B,38.69B,3.00M,11.71B,13.31B,37.06B,26.99B,23.75B,1.519B,2.165B,1.818B
UAL,2012-03,-280.00M,7.273B,7.249B,1.14B,7.04B,-1.36,-1.36,9.235B,21.24B,1.353B,2012-03,645.00M,-448.00M,-203.00M,-203.00M,16.44B,6.222B,11.30B,-107.00M,2.22B,-447.00M,1.00M,8.602B,337.00M,1.51B,38.20B,3.00M,11.26B,12.49B,36.69B,26.94B,24.20B,1.46B,2.22B,1.908B
UAL,2011-12,-417.00M,7.762B,14.80B,1.311B,5.519B,-0.42,-0.42,9.273B,20.99B,-5.872B,2011-12,615.00M,-138.00M,-205.00M,-205.00M,16.42B,6.567B,11.42B,294.00M,3.507B,-146.00M,-8.00M,8.928B,-6.169B,1.806B,37.99B,3.00M,11.00B,11.39B,36.18B,26.99B,24.79B,-6.166B,1.998B,1.358B
UAL,2011-09,-45.00M,8.357B,4.913B,1.339B,6.268B,1.97,1.69,9.295B,20.80B,5.258B,2011-09,628.00M,653.00M,-211.00M,-211.00M,16.55B,6.695B,11.82B,1.055B,1.808B,660.00M,7.00M,10.17B,2.652B,2.312B,39.05B,3.00M,11.99B,11.90B,36.74B,27.07B,24.84B,4.203B,1.808B,1.713B
UAL,2011-06,242.00M,8.579B,4.788B,1.527B,6.988B,1.63,1.39,9.338B,20.61B,5.021B,2011-06,508.00M,538.00M,-237.00M,-237.00M,16.69B,4.973B,12.07B,954.00M,1.999B,542.00M,4.00M,9.809B,2.543B,1.942B,39.69B,3.00M,12.39B,12.76B,37.75B,27.30B,24.99B,4.067B,1.999B,1.863B
