Ticker,Date,Accrued Comprehensive Inc,Cash and Short Term Investments,Cost of Goods Sold,Current Debt & Capital Lease Obligation,Current Deferred Liabilities,EPS Basic,EPS Diluted,Gross PP&E,Gross Profit,Income (Quarterly),Inventories,Net Income,Net Non-Operating Interest Income Expense,Net Operating Interest Income,Net PP&E,Non-Current Deferred Liabilities,Non-Current Portion of LTD and Capital Lease Obligation,Operating Income,Payables and Accrued Expenses,Pre-Tax Income,Provision for Income Taxes,Revenue,SG&A Expense,Shareholders Equity,Total Assets,Total Capital Stock,Total Current Assets,Total Current Liabilities,Total Liabilities,Total Long Term Assets,Total Long Term Liabilities,Total Operating Expenses,Total Payables,Total Receivables
UDR,2020-12,-9.144M,1.409M,251.12M,218.02M,0,0.09,0.09,200.91M,51.27M,2020-12,197.31M,26.53M,-63.55M,-63.55M,200.91M,0,4.954B,31.06M,301.50M,29.22M,0.668M,302.38M,11.98M,3.234B,9.638B,47.73M,182.16M,519.52M,6.379B,9.455B,5.859B,20.20M,256.74M,157.99M
UDR,2020-09,-10.49M,0.927M,258.54M,252.09M,0,-0.09,-0.09,201.75M,51.50M,2020-09,131.58M,-25.26M,-60.08M,-60.08M,201.75M,0,4.862B,30.12M,297.10M,-27.03M,0.187M,310.04M,11.96M,3.313B,9.551B,47.71M,378.51M,549.18M,6.218B,9.173B,5.669B,21.39M,266.49M,157.00M
UDR,2020-06,-11.94M,0.833M,257.58M,202.18M,0,0.19,0.19,202.59M,49.67M,2020-06,95.24M,57.77M,-36.18M,-36.18M,202.59M,0,4.762B,30.58M,305.56M,63.62M,1.526M,307.26M,10.97M,3.397B,9.564B,47.72M,310.42M,507.74M,6.150B,9.254B,5.642B,19.10M,258.47M,155.96M
UDR,2020-03,-12.87M,0.98M,259.31M,239.80M,0,0.01,0.01,203.41M,62.17M,2020-03,21.84M,5.221M,-36.62M,-36.62M,203.41M,0,4.843B,40.20M,262.14M,5.704M,0.164M,321.48M,14.98M,3.464B,9.691B,49.15M,269.72M,501.94M,6.213B,9.421B,5.711B,21.97M,230.65M,151.54M
UDR,2019-12,-10.45M,8.106M,239.68M,316.58M,0,0.33,0.33,204.22M,65.14M,2019-12,347.01M,97.64M,-58.03M,-58.03M,204.22M,0,4.589B,46.10M,274.06M,105.24M,0.002M,304.82M,14.53M,3.359B,9.636B,49.15M,186.94M,590.64M,6.247B,9.450B,5.657B,19.04M,228.86M,153.65M
UDR,2019-09,-9.022M,1.895M,221.06M,60.00M,0,0.09,0.09,135.89M,74.34M,2019-09,0,27.20M,-40.65M,-40.65M,135.89M,0,4.006B,57.77M,251.23M,30.92M,1.499M,295.39M,12.20M,3.247B,8.698B,49.13M,83.28M,311.23M,5.426B,8.614B,5.115B,16.57M,223.65M,37.90M
UDR,2019-06,-7.838M,0.981M,204.67M,425.38M,0,0.12,0.12,93.94M,76.64M,2019-06,0,35.62M,-33.11M,-33.11M,93.94M,0,3.533B,59.89M,234.81M,38.44M,0.125M,281.31M,12.34M,2.949B,8.197B,49.03M,61.52M,660.19M,5.229B,8.136B,4.569B,16.75M,192.78M,37.49M
UDR,2019-03,-2.97M,1.043M,198.41M,90.00M,0,0.08,0.08,94.14M,72.26M,2019-03,0,24.50M,-23.73M,-23.73M,94.14M,0,3.588B,52.49M,227.48M,28.81M,2.212M,270.67M,12.47M,2.949B,7.956B,49.02M,61.13M,317.48M,4.993B,7.895B,4.676B,19.77M,198.09M,36.97M
UDR,2018-12,-0.067M,185.22M,191.07M,101.13M,0,0.3,0.3,0,76.60M,2018-12,0,82.14M,-36.57M,-36.57M,0,0,3.447B,60.08M,233.36M,89.68M,0.07M,267.67M,10.96M,2.906B,7.712B,48.96M,251.15M,334.50M,4.789B,7.461B,4.454B,16.52M,194.62M,42.26M
UDR,2018-09,0.202M,1.084M,193.56M,466.01M,0,0.07,0.07,0,72.58M,2018-09,0,18.61M,-33.21M,-33.21M,0,0,3.345B,55.69M,235.52M,20.42M,0.158M,266.14M,11.90M,2.593B,7.679B,48.88M,416.10M,701.52M,5.071B,7.263B,4.370B,16.89M,207.76M,41.01M
UDR,2018-06,-1.407M,1.055M,186.94M,404.95M,0,0.07,0.07,0,72.81M,2018-06,335.66M,20.60M,-30.47M,-30.47M,0,0,3.347B,55.92M,229.65M,22.68M,0.233M,259.74M,12.37M,2.757B,7.707B,48.88M,407.29M,634.60M,4.939B,7.300B,4.304B,16.88M,191.45M,40.71M
UDR,2018-03,-1.276M,1.083M,188.89M,332.71M,0,0.3,0.3,0,64.41M,2018-03,644.21M,81.76M,-27.18M,-27.18M,0,0,3.348B,48.95M,231.16M,89.45M,0.227M,253.30M,11.76M,2.877B,7.709B,48.88M,704.53M,563.86M,4.823B,7.005B,4.259B,15.46M,202.31M,39.47M
UDR,2017-12,-2.681M,2.038M,188.72M,321.77M,0,0.26,0.25,0,64.16M,2017-12,588.64M,69.24M,-33.66M,-33.66M,0,0,3.350B,47.87M,246.19M,76.69M,-1.065M,252.88M,11.59M,2.826B,7.733B,48.88M,629.94M,567.96M,4.898B,7.103B,4.330B,16.29M,212.76M,19.47M
UDR,2017-09,-4.167M,1.788M,187.54M,256.14M,0,0.06,0.06,0,63.55M,2017-09,532.58M,16.19M,-29.61M,-29.61M,0,0,3.679B,47.55M,252.99M,17.70M,0.127M,251.09M,12.47M,2.845B,7.761B,48.88M,573.38M,252.99M,4.908B,7.187B,4.655B,16.00M,222.80M,18.59M
UDR,2017-06,-4.395M,1.411M,185.21M,21.35M,0,0.03,0.03,0,62.77M,2017-06,465.30M,10.16M,-33.35M,-33.35M,0,0,3.635B,47.40M,231.68M,11.43M,0.366M,247.98M,11.43M,2.893B,7.768B,49.13M,503.60M,231.68M,4.869B,7.264B,4.638B,15.37M,203.20M,17.29M
UDR,2017-03,-4.288M,2.46M,181.46M,246.92M,0,0.09,0.09,0,62.39M,2017-03,393.84M,25.97M,-30.11M,-30.11M,0,0,3.281B,46.01M,217.04M,26.60M,0.332M,243.84M,13.08M,3.036B,7.736B,49.13M,435.84M,473.18M,4.696B,7.300B,4.223B,16.37M,189.15M,19.79M
UDR,2016-12,-5.609M,2.112M,177.94M,259.20M,0,0.89,0.88,0,65.07M,2016-12,342.28M,237.42M,-28.81M,-28.81M,0,0,3.380B,47.98M,237.42M,56.22M,12.28M,243.01M,13.26M,3.093B,7.680B,49.13M,384.18M,258.77M,4.583B,7.295B,4.324B,17.08M,208.16M,19.79M
UDR,2016-09,-11.15M,3.301M,182.31M,76.35M,0,0.1,0.1,0,60.94M,2016-09,294.84M,26.96M,-31.48M,-31.48M,0,0,3.297B,45.96M,242.72M,29.56M,0.094M,243.25M,11.83M,2.923B,7.651B,49.13M,426.23M,489.65M,4.725B,7.225B,4.236B,14.99M,214.59M,19.69M
UDR,2016-06,-12.97M,5.167M,181.28M,0,0,0.06,0.06,0,57.50M,2016-06,238.94M,17.95M,-30.14M,-30.14M,0,0,3.206B,43.29M,228.14M,11.85M,-0.402M,238.79M,10.84M,2.947B,7.610B,49.13M,319.06M,487.33M,4.661B,7.291B,4.174B,14.21M,201.40M,19.69M
UDR,2016-03,-12.04M,3.668M,179.54M,0,0,0.04,0.04,0,55.27M,2016-03,196.40M,10.39M,-30.67M,-30.67M,0,0,3.335B,38.12M,209.38M,8.131M,-0.403M,234.82M,13.84M,2.973B,7.602B,49.13M,237.79M,285.72M,4.628B,7.364B,4.342B,17.15M,180.79M,16.69M
UDR,2015-12,-12.68M,6.742M,179.41M,150.00M,0,0.62,0.61,0,58.20M,2015-12,124.07M,166.42M,-32.76M,-32.76M,0,0,3.421B,34.77M,209.67M,3.104M,-1.424M,237.60M,17.99M,2.900B,7.664B,49.08M,168.31M,359.67M,4.763B,7.496B,4.404B,23.43M,180.51M,16.69M
UDR,2015-09,-14.19M,1.321M,160.76M,110.00M,0,0.05,0.05,0,60.66M,2015-09,104.08M,13.29M,-29.83M,-29.83M,0,0,3.403B,40.74M,188.24M,13.06M,-0.633M,221.42M,15.82M,2.874B,6.923B,49.08M,144.62M,298.24M,4.048B,6.778B,3.749B,19.92M,164.66M,15.49M
UDR,2015-06,-9.19M,2.99M,158.53M,457.00M,0,0.33,0.33,0,57.34M,2015-06,92.64M,86.86M,-29.29M,-29.29M,0,0,3.107B,40.14M,193.18M,9.438M,-1.404M,215.86M,13.72M,2.858B,6.940B,49.16M,134.04M,650.18M,4.081B,6.806B,3.431B,17.19M,165.45M,15.49M
UDR,2015-03,-15.44M,6.274M,157.94M,389.00M,0,0.28,0.28,0,61.81M,2015-03,196.51M,73.82M,-28.44M,-28.44M,0,0,3.128B,46.27M,184.29M,75.99M,-0.425M,219.75M,12.15M,2.810B,6.859B,49.16M,241.54M,573.29M,4.047B,6.617B,3.474B,15.54M,160.83M,15.49M
UDR,2014-12,-8.855M,15.22M,159.19M,152.50M,0,0.25,0.25,0,50.36M,2014-12,177.63M,65.42M,-32.84M,-32.84M,0,0,3.413B,34.35M,210.94M,-0.602M,-7.087M,209.55M,11.72M,2.735B,6.829B,49.12M,229.56M,363.44M,4.093B,6.599B,3.729B,16.01M,176.72M,14.37M
UDR,2014-09,-0.866M,14.60M,158.72M,160.00M,0,0.16,0.16,0,48.03M,2014-09,321.09M,40.55M,-24.03M,-24.03M,0,0,3.468B,33.08M,208.25M,8.119M,-2.492M,206.75M,11.55M,2.778B,6.898B,49.12M,377.99M,368.25M,4.119B,6.520B,3.751B,14.95M,181.12M,18.32M
UDR,2014-06,-2.305M,26.82M,154.96M,276.50M,0,0.12,0.12,0,48.75M,2014-06,275.82M,30.01M,-30.26M,-30.26M,0,0,3.471B,32.86M,203.82M,2.169M,-2.19M,203.71M,12.53M,2.683B,6.932B,49.09M,400.49M,480.32M,4.249B,6.532B,3.769B,15.88M,174.66M,44.25M
UDR,2014-03,-3.704M,15.89M,156.03M,287.50M,0,0.07,0.07,0,42.01M,2014-03,222.60M,18.36M,-31.47M,-31.47M,0,0,3.341B,27.01M,192.47M,-8.524M,-3.329M,198.04M,11.99M,2.741B,6.834B,49.08M,346.19M,479.97M,4.092B,6.488B,3.612B,15.00M,164.72M,84.57M
UDR,2013-12,-5.125M,30.25M,153.67M,0,0,0.14,0.14,0,39.75M,2013-12,466.00M,36.70M,-32.03M,-32.03M,0,0,3.524B,23.01M,226.72M,-3.358M,0.015M,193.42M,11.53M,2.812B,6.808B,49.08M,602.08M,226.72M,3.995B,6.206B,3.769B,16.74M,194.44M,83.03M
UDR,2013-09,-6.608M,11.15M,149.67M,0,0,0.01,0.01,0,41.45M,2013-09,486.95M,3.188M,-30.11M,-30.11M,0,0,3.463B,27.14M,216.27M,-0.307M,-2.658M,191.12M,11.36M,2.828B,6.756B,49.08M,587.83M,216.27M,3.927B,6.168B,3.711B,14.32M,189.57M,66.71M
UDR,2013-06,-7.811M,9.035M,148.79M,228.50M,29.46M,0.02,0.02,7.851B,40.72M,2013-06,432.46M,5.192M,-29.36M,-29.36M,6.009B,29.45M,3.166B,27.91M,217.15M,1.841M,-2.683M,189.50M,9.866M,2.866B,6.744B,49.08M,533.04M,445.65M,3.876B,6.211B,3.431B,12.80M,187.55M,66.70M
UDR,2013-03,-9.499M,7.121M,146.02M,170.00M,29.43M,-0.01,-0.01,7.761B,38.87M,2013-03,451.68M,-0.268M,-29.96M,-29.96M,5.992B,29.10M,3.329B,26.61M,185.50M,-3.135M,-1.973M,184.88M,9.476M,2.931B,6.891B,49.08M,549.62M,355.50M,3.959B,6.341B,3.603B,12.26M,156.10M,66.19M
UDR,2012-12,-11.26M,12.12M,140.11M,76.00M,29.11M,-0.05,-0.05,7.598B,35.99M,2012-12,489.80M,-12.30M,-29.57M,-29.57M,5.910B,28.93M,3.333B,22.82M,207.50M,-18.01M,-1.628M,176.10M,10.65M,2.993B,6.859B,49.07M,589.48M,283.50M,3.865B,6.270B,3.582B,13.18M,176.56M,64.01M
UDR,2012-09,-13.07M,82.38M,152.69M,421.00M,29.01M,-0.04,-0.04,8.181B,32.39M,2012-09,246.23M,-9.031M,-30.61M,-30.61M,6.387B,0,3.343B,19.83M,210.99M,-11.50M,-2.96M,185.09M,10.02M,3.052B,6.911B,49.07M,198.28M,240.45M,3.622B,6.713B,3.381B,12.57M,181.49M,64.00M
UDR,2012-06,-13.60M,184.11M,146.50M,0,0,0.62,0.62,7.299B,33.70M,2012-06,0,150.35M,-41.04M,-41.04M,5.573B,0,3.345B,17.51M,204.35M,-25.94M,-2.818M,180.19M,13.74M,3.110B,6.973B,49.07M,276.68M,233.78M,3.614B,6.696B,3.381B,16.19M,173.19M,39.41M
UDR,2012-03,-13.94M,3.558M,147.94M,0,0,0.37,0.37,6.919B,27.29M,2012-03,0,83.16M,-34.05M,-34.05M,5.200B,0,3.913B,15.61M,176.57M,-21.14M,-22.88M,175.23M,9.379M,2.533B,6.943B,130.46M,72.62M,176.57M,4.153B,6.870B,3.976B,11.68M,145.44M,13.20M
UDR,2011-12,-13.90M,12.50M,381.59M,0,0,0.22,0.22,0,-223.16M,2011-12,0,46.50M,-31.83M,-31.83M,0,0,3.497B,-1.767M,183.11M,-35.69M,-5.82M,158.43M,12.01M,2.314B,6.721B,130.38M,283.37M,604.11M,4.403B,6.438B,3.798B,-221.39M,159.90M,0
UDR,2011-09,-15.43M,13.48M,57.33M,0,0,-0.07,-0.07,0,111.75M,2011-09,0,-13.25M,-39.97M,-39.97M,0,0,3.989B,11.58M,209.21M,-29.97M,0.059M,169.09M,11.86M,2.326B,6.805B,130.37M,64.63M,238.31M,4.265B,6.740B,4.027B,100.17M,185.28M,7.80M
UDR,2011-06,-10.28M,21.63M,53.30M,0,0,0.06,0.06,0,100.19M,2011-06,0,14.65M,-37.66M,-37.66M,0,0,3.700B,4.878M,184.70M,-34.13M,0,153.49M,12.88M,1.827B,5.962B,130.15M,74.40M,213.71M,3.944B,5.887B,3.730B,95.31M,161.36M,7.80M
UDR,2011-03,-3.696M,11.69M,52.82M,0,0,-0.17,-0.17,0,89.53M,2011-03,0,-27.88M,-39.16M,-39.16M,0,0,3.519B,7.642M,166.51M,-32.85M,0,142.35M,10.63M,1.634B,5.502B,133.58M,56.70M,166.51M,3.741B,5.445B,3.575B,81.89M,145.67M,7.80M
