Ticker,Date,Accrued Comprehensive Inc,Cash and Short Term Investments,Cost of Goods Sold,Current Debt & Capital Lease Obligation,Current Deferred Liabilities,EPS Basic,EPS Diluted,Goodwill and Intangibles,Gross PP&E,Gross Profit,Income (Quarterly),Net Income,Net Non-Operating Interest Income Expense,Net Operating Interest Income,Net PP&E,Non-Current Deferred Liabilities,Non-Current Portion of LTD and Capital Lease Obligation,Operating Income,Payables and Accrued Expenses,Pre-Tax Income,Provision for Income Taxes,Revenue,SG&A Expense,Shareholders Equity,Total Assets,Total Capital Stock,Total Current Assets,Total Current Liabilities,Total Liabilities,Total Long Term Assets,Total Long Term Liabilities,Total Operating Expenses,Total Payables,Total Receivables
UNH,2021-03,-3.814B,22.92B,52.48B,8.838B,2.842B,5.143,5.08,82.19B,13.86B,17.27B,2021-03,4.862B,-397.00M,-397.00M,8.626B,3.367B,37.42B,6.287B,24.83B,6.342B,1.364B,69.74B,0,69.31B,205.17B,10.00M,59.51B,80.64B,135.86B,145.66B,55.22B,10.98B,24.83B,15.98B
UNH,2020-12,-4.494B,19.78B,49.70B,4.819B,2.391B,2.338,2.3,78.46B,13.70B,15.32B,2020-12,2.212B,-401.00M,-401.00M,8.151B,3.34B,38.65B,3.072B,44.37B,3.116B,764.00M,65.02B,0,65.49B,197.29B,10.00M,53.72B,72.42B,128.96B,143.57B,56.54B,12.25B,44.37B,12.87B
UNH,2020-09,-4.55B,20.81B,49.57B,3.899B,2.299B,3.34,3.3,78.42B,12.60B,15.19B,2020-09,3.172B,-395.00M,-395.00M,8.126B,3.286B,39.90B,4.30B,42.34B,4.256B,1.00B,64.76B,0,65.23B,190.97B,10.00M,54.82B,66.60B,122.86B,136.15B,56.27B,10.89B,42.34B,25.40B
UNH,2020-06,-5.36B,25.59B,42.18B,6.156B,2.509B,6.99,6.91,75.50B,0,19.62B,2020-06,6.637B,-430.00M,-430.00M,8.173B,3.03B,39.90B,8.90B,44.62B,8.811B,2.115B,61.80B,0,63.62B,192.48B,10.00M,58.92B,69.88B,125.97B,133.56B,56.08B,10.72B,44.62B,23.98B
UNH,2020-03,-3.578B,24.44B,48.69B,15.83B,2.622B,3.56,3.52,76.01B,0,15.37B,2020-03,3.382B,-437.00M,-437.00M,8.704B,2.993B,35.78B,4.631B,45.62B,4.559B,1.094B,64.06B,0,56.98B,189.07B,9.00M,58.81B,78.61B,129.20B,130.26B,50.60B,10.74B,45.62B,24.89B
UNH,2019-12,-3.709B,14.24B,45.79B,3.87B,2.50B,3.735,3.68,75.73B,0,14.68B,2019-12,3.541B,-437.00M,-437.00M,8.501B,2.902B,36.81B,4.662B,40.70B,4.658B,990.00M,60.47B,0,57.62B,173.89B,9.00M,42.63B,61.78B,113.45B,131.26B,51.67B,10.02B,40.70B,11.82B
UNH,2019-09,-3.273B,15.82B,45.67B,6.387B,2.019B,3.73,3.67,72.00B,0,14.22B,2019-09,3.538B,-449.00M,-449.00M,8.681B,2.908B,38.51B,4.548B,39.51B,4.565B,936.00M,59.88B,0,55.00B,173.71B,9.00M,43.54B,62.64B,115.95B,130.17B,53.31B,9.669B,39.51B,21.12B
UNH,2019-06,-3.758B,17.27B,46.78B,7.80B,2.53B,3.47,3.42,68.62B,0,13.23B,2019-06,3.293B,-418.00M,-418.00M,8.23B,2.786B,34.47B,4.162B,38.04B,4.326B,941.00M,60.01B,0,53.10B,167.20B,10.00M,42.04B,62.33B,111.35B,125.16B,49.02B,9.069B,38.04B,18.18B
UNH,2019-03,-4.16B,15.71B,46.32B,3.919B,2.396B,3.62,3.56,68.24B,0,13.58B,2019-03,3.467B,-400.00M,-400.00M,8.458B,2.474B,34.42B,4.427B,38.04B,4.432B,875.00M,59.90B,0,51.72B,161.20B,10.00M,42.82B,58.93B,106.75B,118.38B,47.81B,9.156B,38.04B,20.46B
UNH,2018-12,0,14.32B,44.58B,1.973B,0,3.167,3.1,0,0,13.50B,2018-12,3.04B,-374.00M,-374.00M,0,0,34.58B,4.156B,36.60B,4.123B,959.00M,58.08B,0,51.70B,152.22B,0,38.69B,53.21B,97.90B,113.53B,44.69B,9.34B,36.60B,11.39B
UNH,2018-09,-4.386B,13.85B,42.88B,1.50B,2.388B,3.31,3.24,68.20B,10.71B,13.30B,2018-09,3.188B,-353.00M,-353.00M,8.042B,2.434B,32.05B,4.208B,38.84B,4.237B,953.00M,56.17B,0,50.01B,151.09B,10.00M,38.75B,56.38B,98.49B,112.33B,42.11B,9.09B,38.84B,18.26B
UNH,2018-06,-4.08B,21.86B,42.90B,2.959B,7.228B,3.04,2.98,64.95B,9.65B,12.83B,2018-06,2.922B,-344.00M,-344.00M,7.906B,2.095B,32.10B,3.849B,36.87B,3.86B,850.00M,55.73B,0,48.29B,154.61B,10.00M,46.63B,62.05B,103.83B,107.98B,41.78B,8.984B,36.87B,17.65B
UNH,2018-03,-2.951B,22.04B,42.05B,7.379B,7.683B,2.94,2.87,65.88B,0,12.84B,2018-03,2.836B,-329.00M,-329.00M,8.144B,2.213B,28.21B,3.755B,37.80B,3.724B,800.00M,54.89B,0,47.55B,155.57B,10.00M,48.35B,67.67B,105.53B,107.22B,37.87B,9.088B,37.80B,18.29B
UNH,2017-12,-2.667B,15.49B,39.69B,2.857B,2.269B,3.733,3.65,63.04B,0,12.08B,2017-12,3.617B,-308.00M,-308.00M,7.013B,2.182B,28.84B,3.679B,33.05B,3.669B,-52.00M,51.76B,0,47.78B,139.06B,10.00M,37.08B,50.46B,89.22B,101.97B,38.76B,8.398B,33.05B,15.83B
UNH,2017-09,-2.353B,19.79B,38.27B,4.539B,6.635B,2.57,2.51,61.86B,0,11.81B,2017-09,2.485B,-294.00M,-294.00M,6.562B,2.697B,24.72B,3.841B,33.84B,3.794B,1.233B,50.08B,0,45.30B,140.43B,10.00M,40.92B,58.09B,93.12B,99.51B,35.03B,7.965B,33.84B,15.46B
UNH,2017-06,-2.591B,17.97B,38.44B,5.739B,6.115B,2.37,2.32,60.84B,0,11.36B,2017-06,2.284B,-301.00M,-301.00M,6.324B,2.844B,26.20B,3.475B,32.22B,3.43B,1.08B,49.80B,0,43.16B,138.10B,10.00M,41.24B,57.12B,92.76B,96.86B,35.64B,7.884B,32.22B,17.77B
UNH,2017-03,-2.447B,19.35B,37.76B,7.747B,6.475B,2.28,2.23,60.99B,0,10.75B,2017-03,2.172B,-283.00M,-283.00M,6.329B,2.894B,26.15B,3.191B,31.12B,3.13B,939.00M,48.50B,0,41.90B,137.16B,10.00M,40.99B,57.54B,93.16B,96.17B,35.62B,7.555B,31.12B,16.20B
UNH,2016-12,-2.681B,13.28B,36.00B,7.193B,1.968B,2,1.96,56.12B,0,11.27B,2016-12,1.684B,-268.00M,-268.00M,5.901B,2.761B,25.78B,2.926B,29.75B,2.919B,1.211B,47.27B,0,38.27B,122.81B,10.00M,33.88B,49.25B,84.63B,88.93B,35.38B,8.344B,29.75B,15.65B
UNH,2016-09,-2.303B,15.67B,35.16B,7.202B,5.73B,2.07,2.03,55.90B,0,10.94B,2016-09,1.968B,-269.00M,-269.00M,5.524B,2.492B,26.02B,3.389B,29.49B,3.311B,1.333B,46.10B,0,37.65B,123.64B,10.00M,35.77B,51.10B,86.09B,87.87B,34.99B,7.548B,29.49B,14.85B
UNH,2016-06,-2.203B,10.97B,35.98B,6.364B,1.567B,1.84,1.81,55.76B,0,10.31B,2016-06,1.754B,-271.00M,-271.00M,5.189B,2.857B,26.83B,3.01B,31.00B,2.932B,1.172B,46.29B,0,36.39B,119.60B,10.00M,33.30B,47.38B,83.32B,86.30B,35.94B,7.304B,31.00B,16.70B
UNH,2016-03,-2.804B,13.01B,34.31B,6.504B,1.901B,1.69,1.67,55.16B,8.034B,10.04B,2016-03,1.611B,-259.00M,-259.00M,4.976B,3.066B,27.22B,2.777B,29.56B,2.701B,1.074B,44.34B,0,35.17B,117.86B,10.00M,33.74B,46.28B,82.79B,84.11B,36.50B,7.26B,29.56B,14.64B
UNH,2015-12,-3.334B,12.91B,34.08B,6.634B,2.142B,1.278,1.26,52.84B,7.372B,9.334B,2015-12,1.218B,-260.00M,-260.00M,4.861B,3.587B,25.33B,2.288B,26.32B,2.208B,956.00M,43.42B,0,33.83B,111.25B,10.00M,31.64B,42.90B,77.53B,79.62B,34.63B,7.046B,26.32B,13.32B
UNH,2015-09,-3.347B,9.925B,31.84B,5.767B,1.731B,1.68,1.65,52.08B,6.685B,9.478B,2015-09,1.597B,-229.00M,-229.00M,4.532B,3.593B,26.02B,2.848B,25.21B,2.789B,1.171B,41.32B,0,33.11B,108.27B,10.00M,29.94B,39.95B,75.15B,78.34B,35.20B,6.63B,25.21B,14.42B
UNH,2015-06,-2.307B,9.802B,27.25B,2.693B,1.508B,1.66,1.64,37.47B,0,8.798B,2015-06,1.585B,-151.00M,-151.00M,4.473B,1.877B,15.38B,2.681B,24.77B,2.744B,1.159B,36.05B,0,33.02B,91.42B,10.00M,27.57B,35.74B,58.40B,63.86B,22.66B,6.117B,24.77B,12.19B
UNH,2015-03,-2.285B,10.43B,26.90B,2.797B,1.734B,1.48,1.46,36.22B,0,8.706B,2015-03,1.413B,-150.00M,-150.00M,4.245B,2.056B,15.58B,2.494B,24.06B,2.49B,1.077B,35.61B,0,31.88B,89.72B,10.00M,26.77B,34.98B,57.84B,62.94B,22.86B,6.212B,24.06B,10.39B
UNH,2014-12,-1.392B,9.236B,24.86B,1.399B,1.972B,1.583,1.55,36.61B,0,8.407B,2014-12,1.51B,-151.00M,-151.00M,4.418B,2.065B,16.01B,2.599B,21.29B,2.614B,1.104B,33.27B,0,32.45B,86.38B,10.00M,23.56B,30.62B,53.93B,62.83B,23.30B,5.808B,21.29B,9.75B
UNH,2014-09,-984.00M,9.212B,24.05B,2.925B,1.691B,1.65,1.63,35.94B,0,8.54B,2014-09,1.602B,-152.00M,-152.00M,4.309B,1.901B,14.59B,2.731B,20.72B,2.751B,1.149B,32.59B,0,32.60B,85.43B,10.00M,22.96B,31.13B,52.82B,62.46B,21.69B,5.809B,20.72B,9.015B
UNH,2014-06,-290.00M,8.289B,24.45B,2.117B,1.482B,1.44,1.42,36.25B,0,7.872B,2014-06,1.408B,-155.00M,-155.00M,4.267B,2.011B,14.63B,2.302B,21.93B,2.397B,989.00M,32.32B,0,32.94B,85.47B,10.00M,22.85B,30.78B,52.53B,62.62B,21.76B,5.57B,21.93B,9.424B
UNH,2014-03,-573.00M,9.383B,24.10B,2.241B,1.838B,1.12,1.1,36.02B,0,7.417B,2014-03,1.099B,-160.00M,-160.00M,4.065B,1.831B,14.52B,1.863B,21.39B,1.894B,795.00M,31.52B,0,32.55B,84.62B,10.00M,22.36B,30.72B,52.07B,62.26B,21.36B,5.554B,21.39B,7.826B
UNH,2013-12,-908.00M,9.213B,23.68B,1.969B,1.60B,1.444,1.41,35.45B,0,7.251B,2013-12,1.427B,-176.00M,-176.00M,4.01B,1.796B,14.89B,2.268B,19.03B,2.276B,849.00M,30.93B,0,32.15B,81.88B,10.00M,20.38B,27.88B,49.73B,61.50B,21.85B,4.983B,19.03B,7.05B
UNH,2013-09,-587.00M,10.72B,22.78B,1.895B,1.525B,1.56,1.53,35.77B,6.503B,7.686B,2013-09,1.57B,-178.00M,-178.00M,3.829B,1.881B,14.89B,2.468B,18.96B,2.453B,883.00M,30.46B,3.899B,32.02B,81.86B,10.00M,21.19B,27.87B,49.85B,60.67B,21.98B,5.218B,18.96B,6.625B
UNH,2013-06,-535.00M,10.10B,22.84B,1.086B,1.242B,1.42,1.4,35.51B,4.955B,7.371B,2013-06,1.436B,-176.00M,-176.00M,3.785B,2.076B,15.54B,2.206B,18.90B,2.225B,789.00M,30.21B,3.733B,31.38B,80.20B,10.00M,20.62B,26.40B,48.82B,59.58B,22.42B,5.165B,18.90B,6.694B
UNH,2013-03,388.00M,13.06B,23.25B,2.39B,1.386B,1.17,1.16,36.12B,0,6.886B,2013-03,1.192B,-178.00M,-178.00M,3.945B,2.321B,15.66B,1.936B,18.28B,1.961B,721.00M,30.14B,0,31.76B,83.13B,10.00M,22.72B,27.18B,51.37B,60.41B,24.19B,4.95B,18.28B,5.799B
UNH,2012-12,438.00M,11.44B,21.44B,2.713B,1.505B,1.221,1.2,35.97B,0,7.139B,2012-12,1.244B,-173.00M,-173.00M,3.939B,2.45B,14.04B,1.916B,17.99B,1.928B,684.00M,28.58B,0,31.18B,80.88B,10.00M,21.05B,27.12B,49.71B,59.83B,22.59B,5.223B,17.99B,5.598B
UNH,2012-09,575.00M,11.95B,20.10B,1.852B,1.186B,1.52,1.5,29.39B,0,7.059B,2012-09,1.557B,-158.00M,-158.00M,2.619B,3.033B,13.59B,2.465B,16.97B,2.452B,895.00M,27.16B,0,30.22B,71.70B,10.00M,20.33B,24.85B,41.48B,51.37B,16.62B,4.594B,16.97B,4.548B
UNH,2012-06,469.00M,14.43B,20.63B,1.461B,3.853B,1.3,1.27,29.33B,0,6.454B,2012-06,1.337B,-153.00M,-153.00M,2.589B,2.87B,13.60B,2.048B,16.95B,2.073B,736.00M,27.09B,0,29.38B,73.46B,10.00M,22.73B,27.62B,44.09B,50.74B,16.47B,4.406B,16.95B,4.535B
UNH,2012-03,458.00M,14.33B,20.57B,1.771B,3.816B,1.34,1.31,28.86B,0,6.537B,2012-03,1.388B,-148.00M,-148.00M,2.56B,2.845B,13.53B,2.145B,16.42B,2.169B,781.00M,27.11B,0,28.86B,72.69B,10.00M,22.69B,27.46B,43.83B,50.00B,16.37B,4.392B,16.42B,4.666B
UNH,2011-12,461.00M,12.01B,19.24B,982.00M,1.225B,1.19,1.17,26.77B,0,6.53B,2011-12,1.258B,-139.00M,-139.00M,2.515B,1.351B,10.66B,1.932B,16.65B,1.935B,677.00M,25.77B,0,28.29B,67.89B,10.00M,20.35B,23.92B,39.60B,47.54B,15.68B,4.598B,16.65B,4.549B
UNH,2011-09,397.00M,16.38B,19.02B,2.364B,3.631B,1.19,1.17,26.58B,0,6.093B,2011-09,1.271B,-129.00M,-129.00M,2.388B,2.422B,12.00B,1.90B,16.09B,1.941B,670.00M,25.11B,0,27.87B,70.91B,11.00M,24.51B,28.62B,43.04B,46.40B,14.42B,4.193B,16.09B,4.376B
UNH,2011-06,332.00M,12.31B,19.13B,1.689B,1.474B,1.18,1.16,26.30B,0,5.942B,2011-06,1.267B,-119.00M,-119.00M,2.302B,2.488B,11.89B,1.939B,15.89B,1.98B,713.00M,25.07B,0,27.36B,66.12B,11.00M,20.43B,24.37B,38.75B,45.69B,14.38B,4.003B,15.89B,4.812B
