Ticker,Date,Accrued Comprehensive Inc,Cash and Short Term Investments,Current Debt & Capital Lease Obligation,EPS Basic,EPS Diluted,Goodwill and Intangibles,Income (Quarterly),Net Income,Net Loan Assets,Net Non-Operating Interest Income Expense,Net Operating Interest Income,Net PP&E,Non-Current Deferred Liabilities,Non-Current Portion of LTD and Capital Lease Obligation,Payables and Accrued Expenses,Pre-Tax Income,Provision for Income Taxes,Revenue,SG&A Expense,Shareholders Equity,Total Assets,Total Capital Stock,Total Current Assets,Total Current Liabilities,Total Liabilities,Total Long Term Assets,Total Long Term Liabilities,Total Operating Expenses,Total Payables,Total Receivables
UNM,2020-12,374.20M,1.667B,0,0.66,0.66,436.80M,2020-12,135.40M,6.116B,-45.60M,-45.60M,498.00M,416.10M,3.346B,0,124.70M,-10.70M,4.274B,227.20M,10.87B,70.63B,30.70M,13.92B,0,59.75B,54.33B,4.111B,499.60M,0,12.26B
UNM,2020-09,477.60M,2.190B,0,1.13,1.13,350.60M,2020-09,231.10M,6.076B,-49.40M,-49.40M,508.80M,210.50M,3.379B,459.60M,299.60M,68.50M,2.996B,253.30M,10.89B,69.62B,30.70M,8.664B,459.60M,58.72B,59.14B,3.993B,485.60M,459.60M,6.474B
UNM,2020-06,327.20M,2.768B,399.90M,1.3,1.3,348.90M,2020-06,265.50M,6.118B,-47.50M,-47.50M,518.10M,155.60M,3.393B,568.90M,337.60M,72.10M,3.023B,233.20M,10.56B,69.31B,30.60M,9.179B,968.80M,58.74B,58.68B,3.990B,491.50M,568.90M,6.412B
UNM,2020-03,-217.10M,1.722B,399.80M,0.79,0.79,348.80M,2020-03,161.00M,6.196B,-45.70M,-45.70M,540.70M,93.70M,2.914B,780.30M,202.10M,41.10M,2.874B,239.50M,9.803B,65.34B,30.60M,8.027B,1.180B,55.53B,54.65B,3.422B,477.70M,780.30M,6.306B
UNM,2019-12,37.30M,1.379B,399.70M,1.44,1.44,440.40M,2019-12,296.20M,6.176B,-46.60M,-46.60M,534.10M,95.40M,2.927B,256.70M,377.40M,81.20M,3.035B,221.40M,9.965B,67.01B,30.60M,7.762B,656.40M,57.05B,56.68B,3.386B,467.40M,256.70M,6.384B
UNM,2019-09,-153.20M,1.390B,399.70M,1.16,1.16,348.60M,2019-09,242.00M,6.085B,-46.10M,-46.10M,568.30M,64.10M,3.038B,224.00M,299.40M,57.40M,2.96B,226.50M,9.632B,66.96B,30.60M,7.873B,623.70M,57.32B,56.64B,3.510B,429.00M,224.00M,6.483B
UNM,2019-06,-242.50M,1.428B,0,1.33,1.33,350.10M,2019-06,281.20M,5.852B,-42.60M,-42.60M,556.10M,37.00M,3.341B,250.20M,352.00M,70.80M,3.017B,223.90M,9.453B,65.84B,30.60M,7.897B,250.20M,56.39B,55.47B,3.826B,453.80M,250.20M,6.469B
UNM,2019-03,-502.30M,1.256B,0,1.31,1.31,351.00M,2019-03,280.90M,5.880B,-42.10M,-42.10M,548.20M,0,2.959B,268.30M,353.30M,72.40M,2.988B,226.50M,9.060B,63.92B,30.50M,7.686B,268.30M,54.86B,53.66B,3.376B,464.40M,268.30M,6.430B
UNM,2018-12,-814.20M,1.062B,0,1.15,1.15,447.00M,2018-12,249.10M,6.025B,-42.00M,-42.00M,546.90M,0,2.971B,24.00M,309.70M,60.60M,2.881B,219.80M,8.622B,61.88B,30.50M,7.34B,24.00M,53.25B,51.69B,3.335B,453.10M,24.00M,6.278B
UNM,2018-09,-868.50M,1.452B,0,-1.3,-1.3,346.00M,2018-09,-284.70M,5.942B,-42.70M,-42.70M,521.00M,0,2.984B,238.20M,-377.80M,-93.10M,2.928B,224.20M,8.518B,62.25B,30.50M,7.848B,238.20M,53.73B,51.83B,3.412B,437.10M,238.20M,6.396B
UNM,2018-06,-276.20M,1.533B,200.00M,1.29,1.29,346.50M,2018-06,285.50M,5.736B,-42.40M,-42.40M,510.80M,85.50M,2.998B,307.70M,354.80M,69.30M,2.890B,220.20M,9.446B,62.37B,30.50M,7.980B,507.70M,52.92B,52.09B,3.544B,441.00M,307.70M,6.447B
UNM,2018-03,-82.40M,1.022B,200.00M,1.23,1.23,348.90M,2018-03,273.50M,5.774B,-40.20M,-40.20M,508.40M,128.90M,2.722B,443.50M,341.10M,67.60M,2.900B,221.70M,9.500B,63.01B,30.50M,7.574B,643.50M,53.51B,52.49B,3.284B,445.90M,443.50M,6.552B
UNM,2017-12,127.50M,1.232B,199.90M,1.19,1.19,366.50M,2017-12,266.90M,5.784B,-40.10M,-40.10M,504.80M,199.00M,2.738B,399.10M,345.30M,78.40M,2.839B,201.70M,9.575B,64.01B,30.50M,7.777B,599.00M,54.44B,53.87B,3.310B,432.10M,399.10M,6.545B
UNM,2017-09,124.30M,1.117B,199.90M,1.12,1.12,338.20M,2017-09,252.30M,5.713B,-40.10M,-40.10M,489.90M,231.80M,2.754B,439.00M,366.80M,114.50M,2.819B,223.80M,9.449B,63.81B,30.40M,7.708B,638.90M,54.36B,53.64B,3.416B,415.30M,439.00M,6.591B
UNM,2017-06,104.90M,1.238B,350.70M,1.08,1.07,337.10M,2017-06,245.10M,5.491B,-39.90M,-39.90M,497.10M,247.30M,2.968B,408.30M,361.60M,116.50M,2.822B,217.80M,9.317B,63.38B,30.40M,7.718B,408.30M,54.06B,53.19B,3.673B,422.10M,408.30M,6.480B
UNM,2017-03,0.40M,879.40M,351.40M,1,1,335.70M,2017-03,229.90M,5.516B,-39.80M,-39.80M,501.20M,188.50M,2.985B,462.90M,330.30M,100.40M,2.806B,209.00M,9.107B,62.52B,30.40M,7.418B,462.90M,53.42B,52.37B,3.593B,437.80M,462.90M,6.538B
UNM,2016-12,-51.00M,880.40M,0,1.07,1.07,367.00M,2016-12,248.00M,5.502B,-39.80M,-39.80M,500.60M,130.30M,2.999B,426.60M,371.20M,123.20M,2.796B,218.50M,8.968B,61.94B,30.40M,7.350B,426.60M,52.97B,51.95B,3.493B,424.20M,426.60M,6.470B
UNM,2016-09,450.70M,843.50M,0,1.01,1.01,336.80M,2016-09,236.00M,5.403B,-45.20M,-45.20M,509.70M,358.50M,3.020B,440.10M,332.10M,96.10M,2.763B,210.10M,9.361B,63.91B,30.30M,7.315B,440.10M,54.54B,53.97B,3.806B,415.60M,440.10M,6.472B
UNM,2016-06,339.80M,1.496B,0,1,1,226.70M,2016-06,236.80M,5.258B,-42.40M,-42.40M,510.90M,315.80M,3.043B,479.80M,340.20M,103.40M,2.761B,202.90M,9.157B,63.85B,30.30M,7.952B,830.50M,54.70B,53.88B,3.816B,410.70M,479.80M,6.456B
UNM,2016-03,200.70M,864.00M,0,0.88,0.88,229.80M,2016-03,210.60M,5.225B,-38.60M,-38.60M,515.20M,233.30M,2.442B,480.00M,304.20M,93.60M,2.725B,207.60M,8.920B,61.97B,30.30M,7.324B,831.40M,53.05B,52.05B,3.110B,413.20M,480.00M,6.460B
UNM,2015-12,16.10M,920.20M,352.00M,0.93,0.93,254.90M,2015-12,226.10M,5.279B,-38.90M,-38.90M,523.90M,91.80M,2.449B,421.40M,316.60M,90.50M,2.722B,211.10M,8.664B,60.56B,30.30M,7.244B,773.40M,51.90B,50.83B,2.925B,420.90M,421.40M,6.324B
UNM,2015-09,22.00M,707.40M,506.10M,0.83,0.83,232.10M,2015-09,203.80M,5.332B,-38.10M,-38.10M,529.60M,73.40M,2.217B,416.10M,298.90M,95.10M,2.658B,205.90M,8.581B,61.50B,30.20M,7.099B,922.20M,52.92B,51.75B,2.743B,406.00M,416.10M,6.392B
UNM,2015-06,3.40M,885.40M,151.90M,0.9,0.9,198.80M,2015-06,224.30M,5.105B,-38.00M,-38.00M,535.70M,41.20M,2.581B,409.90M,319.80M,95.50M,2.704B,205.00M,8.516B,61.71B,30.20M,7.321B,561.80M,53.19B,51.82B,3.112B,415.10M,409.90M,6.436B
UNM,2015-03,260.40M,790.80M,151.90M,0.85,0.84,198.20M,2015-03,212.90M,5.180B,-37.80M,-37.80M,537.50M,173.30M,2.603B,39.10M,303.00M,90.10M,2.647B,213.10M,8.688B,63.01B,30.20M,7.330B,191.00M,54.33B,53.13B,3.216B,406.50M,39.10M,6.540B
UNM,2014-12,166.40M,1.077B,151.90M,-1.12,-1.12,213.90M,2014-12,-282.20M,5.163B,-38.50M,-38.50M,531.70M,62.00M,2.629B,73.80M,-454.60M,-172.40M,2.639B,213.80M,8.522B,62.45B,30.20M,7.687B,225.70M,53.93B,52.59B,3.087B,479.00M,73.80M,6.611B
UNM,2014-09,548.60M,1.003B,0,0.86,0.86,200.70M,2014-09,219.10M,5.163B,-38.40M,-38.40M,531.40M,432.70M,2.854B,10.20M,317.00M,97.90M,2.614B,206.10M,9.244B,61.96B,36.10M,7.521B,10.20M,52.72B,52.25B,3.759B,393.20M,10.20M,6.518B
UNM,2014-06,631.90M,1.159B,0,0.93,0.93,201.30M,2014-06,239.40M,5.046B,-52.70M,-52.70M,528.30M,419.70M,2.849B,14.60M,349.80M,110.40M,2.657B,200.00M,9.244B,62.22B,36.10M,7.655B,14.60M,52.97B,52.40B,3.791B,390.10M,14.60M,6.496B
UNM,2014-03,454.40M,1.266B,0,0.87,0.86,201.00M,2014-03,225.80M,5.112B,-37.90M,-37.90M,519.40M,312.60M,3.010B,17.30M,329.80M,104.00M,2.614B,201.00M,8.956B,61.08B,36.10M,7.768B,17.30M,52.12B,51.35B,3.795B,389.80M,17.30M,6.502B
UNM,2013-12,255.00M,1.008B,0,0.85,0.84,219.90M,2013-12,210.10M,5.091B,-37.60M,-37.60M,511.90M,144.30M,2.612B,0,320.60M,110.50M,2.601B,201.70M,8.659B,59.40B,36.10M,7.512B,0,50.74B,49.71B,3.170B,393.40M,0,6.505B
UNM,2013-09,409.60M,1.004B,0,0.78,0.78,201.70M,2013-09,205.70M,5.019B,-37.40M,-37.40M,508.80M,186.30M,2.772B,0,284.10M,78.40M,2.541B,196.20M,8.670B,59.59B,36.00M,7.557B,0,50.92B,49.90B,3.441B,374.40M,0,6.553B
UNM,2013-06,216.70M,915.60M,458.30M,0.82,0.82,201.00M,2013-06,218.60M,4.848B,-37.30M,-37.30M,504.70M,101.40M,2.798B,0,311.50M,92.90M,2.602B,194.90M,8.381B,59.37B,36.00M,7.439B,0,50.99B,49.64B,3.416B,382.50M,0,6.524B
UNM,2013-03,485.70M,1.302B,467.10M,0.79,0.79,200.90M,2013-03,212.60M,4.872B,-37.10M,-37.10M,499.00M,232.50M,2.910B,77.80M,303.80M,91.20M,2.625B,197.60M,8.558B,61.61B,36.00M,7.896B,77.80M,53.05B,51.83B,3.621B,391.60M,77.80M,6.594B
UNM,2012-12,628.00M,1.538B,372.20M,0.86,0.85,225.20M,2012-12,233.90M,4.846B,-38.10M,-38.10M,501.60M,269.40M,3.211B,54.20M,322.70M,88.80M,2.658B,197.50M,8.613B,62.24B,36.00M,8.013B,54.20M,53.62B,52.61B,3.907B,408.40M,54.20M,6.475B
UNM,2012-09,790.30M,1.644B,342.40M,0.83,0.83,201.60M,2012-09,230.20M,4.782B,-36.60M,-36.60M,497.70M,347.20M,2.782B,47.50M,320.40M,90.20M,2.628B,187.00M,8.673B,62.12B,36.00M,3.349B,505.80M,53.45B,52.46B,48.16B,380.40M,47.50M,1.705B
UNM,2012-06,600.50M,1.480B,140.40M,0.76,0.76,201.30M,2012-06,216.40M,4.701B,-35.20M,-35.20M,492.20M,256.20M,2.540B,31.40M,296.40M,80.00M,2.618B,195.40M,8.386B,60.68B,36.00M,3.172B,498.50M,52.29B,50.99B,4.792B,392.30M,31.40M,1.692B
UNM,2012-03,455.40M,1.544B,0,0.74,0.73,201.50M,2012-03,213.90M,4.665B,-35.50M,-35.50M,497.40M,88.90M,2.553B,98.40M,310.00M,96.10M,2.611B,206.90M,8.180B,59.57B,35.90M,3.258B,470.60M,51.39B,49.86B,4.603B,388.60M,98.40M,1.714B
UNM,2011-12,461.80M,1.540B,0,-1.2,-1.2,231.50M,2011-12,-369.00M,4.664B,-35.20M,-35.20M,493.30M,44.70M,2.882B,38.20M,-617.30M,-248.30M,2.605B,-453.60M,8.170B,59.56B,35.90M,8.067B,38.20M,51.39B,49.91B,3.360B,-253.80M,38.20M,6.527B
UNM,2011-09,886.20M,1.088B,0,0.68,0.68,201.20M,2011-09,202.00M,4.682B,-35.10M,-35.10M,492.10M,795.30M,2.586B,82.60M,288.70M,86.70M,2.546B,418.80M,9.460B,60.04B,35.80M,2.768B,425.00M,50.58B,49.51B,45.51B,612.00M,82.60M,1.680B
UNM,2011-06,436.00M,999.80M,0,0.74,0.74,201.60M,2011-06,227.60M,4.525B,-35.10M,-35.10M,487.20M,507.60M,2.589B,124.40M,334.50M,106.90M,2.564B,416.60M,9.083B,58.02B,35.80M,2.690B,264.80M,48.93B,47.57B,5.157B,707.90M,124.40M,1.690B
UNM,2011-03,397.10M,657.50M,0,0.72,0.71,201.50M,2011-03,223.60M,4.534B,-37.90M,-37.90M,482.70M,471.20M,2.605B,181.40M,327.40M,103.80M,2.563B,426.20M,8.984B,57.12B,35.80M,2.331B,181.40M,48.13B,46.79B,5.079B,717.00M,181.40M,1.674B
