Ticker,Date,Accrued Comprehensive Inc,Cash and Short Term Investments,Cost of Goods Sold,Current Debt & Capital Lease Obligation,EPS Basic,EPS Diluted,Goodwill and Intangibles,Gross PP&E,Gross Profit,Income (Quarterly),Inventories,Net Income,Net Non-Operating Interest Income Expense,Net Operating Interest Income,Net PP&E,Non-Current Deferred Liabilities,Non-Current Portion of LTD and Capital Lease Obligation,Operating Income,Payables and Accrued Expenses,Pre-Tax Income,Provision for Income Taxes,Revenue,SG&A Expense,Shareholders Equity,Total Assets,Total Capital Stock,Total Current Assets,Total Current Liabilities,Total Liabilities,Total Long Term Assets,Total Long Term Liabilities,Total Operating Expenses,Total Payables,Total Receivables
UNP,2021-03,-1.594B,1.243B,2.688B,1.859B,2.01,2,0,77.20B,2.313B,2021-03,659.00M,1.341B,-289.00M,-289.00M,55.64B,12.31B,26.29B,1.993B,2.436B,1.754B,413.00M,5.001B,0,16.25B,61.79B,2.781B,3.719B,4.871B,45.54B,58.07B,40.67B,320.00M,1.709B,1.61B
UNP,2020-12,-1.593B,1.859B,2.622B,1.39B,2.05,2.05,0,77.03B,2.519B,2020-12,638.00M,1.38B,-278.00M,-278.00M,55.77B,12.25B,26.94B,2.006B,2.191B,1.793B,413.00M,5.141B,0,16.96B,62.40B,2.781B,4.214B,4.173B,45.44B,58.18B,41.27B,513.00M,1.348B,1.505B
UNP,2020-09,-1.351B,2.661B,2.589B,2.288B,2.02,2.01,0,77.03B,2.33B,2020-09,649.00M,1.363B,-293.00M,-293.00M,56.02B,12.33B,27.37B,2.031B,2.029B,1.773B,410.00M,4.919B,0,17.20B,63.71B,2.781B,5.13B,4.841B,46.52B,58.58B,41.67B,299.00M,1.308B,1.565B
UNP,2020-06,-1.372B,2.766B,2.355B,2.309B,1.67,1.67,0,76.72B,1.889B,2020-06,668.00M,1.132B,-286.00M,-286.00M,55.97B,12.17B,27.76B,1.654B,2.517B,1.496B,364.00M,4.244B,0,16.45B,63.56B,2.781B,5.083B,5.279B,47.10B,58.47B,41.82B,235.00M,1.648B,1.388B
UNP,2020-03,-1.329B,1.19B,2.788B,1.837B,2.15,2.15,0,76.43B,2.441B,2020-03,692.00M,1.474B,-272.00M,-272.00M,55.89B,12.09B,27.70B,2.143B,2.317B,1.918B,444.00M,5.229B,0,15.99B,62.22B,2.781B,3.804B,4.641B,46.22B,58.41B,41.58B,298.00M,1.57B,1.669B
UNP,2019-12,-1.356B,891.00M,2.881B,1.619B,2.03,2.02,0,76.06B,2.331B,2019-12,751.00M,1.403B,-271.00M,-271.00M,55.73B,11.99B,25.41B,2.10B,2.194B,1.878B,475.00M,5.212B,0,18.13B,61.67B,2.78B,3.459B,4.351B,43.54B,58.21B,39.19B,231.00M,1.345B,1.595B
UNP,2019-09,-1.305B,1.31B,3.005B,1.798B,2.22,2.22,0,76.06B,2.511B,2019-09,771.00M,1.555B,-255.00M,-255.00M,55.42B,11.74B,25.86B,2.234B,2.173B,2.021B,466.00M,5.516B,0,18.02B,61.98B,2.78B,4.073B,4.587B,43.96B,57.90B,39.38B,277.00M,1.394B,1.65B
UNP,2019-06,-1.298B,1.109B,3.089B,2.739B,2.23,2.22,0,75.61B,2.507B,2019-06,775.00M,1.57B,-250.00M,-250.00M,55.19B,11.57B,24.57B,2.26B,2.377B,2.058B,488.00M,5.596B,0,18.17B,61.71B,2.78B,4.086B,5.665B,43.54B,57.62B,37.87B,247.00M,1.497B,1.809B
UNP,2019-03,-1.378B,1.119B,3.119B,2.12B,1.94,1.93,0,75.20B,2.265B,2019-03,780.00M,1.391B,-238.00M,-238.00M,55.00B,11.41B,25.07B,1.96B,2.633B,1.79B,399.00M,5.384B,0,17.74B,61.32B,2.78B,3.953B,5.262B,43.58B,57.37B,38.32B,305.00M,1.835B,1.672B
UNP,2018-12,-1.415B,1.333B,3.326B,1.466B,2.13,2.12,0,72.80B,2.431B,2018-12,742.00M,1.554B,-229.00M,-229.00M,52.68B,11.30B,20.92B,2.21B,2.585B,2.016B,462.00M,5.757B,0,20.42B,59.15B,2.779B,4.163B,4.626B,38.72B,54.98B,34.10B,221.00M,1.673B,1.755B
UNP,2018-09,-1.392B,1.90B,3.372B,1.468B,2.16,2.15,0,72.17B,2.556B,2018-09,789.00M,1.593B,-231.00M,-231.00M,52.21B,11.27B,20.94B,2.269B,2.483B,2.076B,483.00M,5.928B,0,20.64B,59.31B,2.779B,4.816B,4.529B,38.67B,54.50B,34.14B,287.00M,1.662B,1.792B
UNP,2018-06,-1.428B,1.694B,3.325B,1.456B,1.98,1.98,0,71.75B,2.347B,2018-06,772.00M,1.509B,-198.00M,-198.00M,51.95B,11.11B,21.36B,2.099B,2.346B,1.938B,429.00M,5.672B,0,19.91B,58.69B,2.779B,4.494B,4.372B,38.78B,54.20B,34.41B,248.00M,1.541B,1.634B
UNP,2018-03,-1.422B,1.138B,3.27B,1.891B,1.69,1.68,0,71.17B,2.205B,2018-03,808.00M,1.31B,-182.00M,-182.00M,51.70B,11.05B,15.70B,1.939B,2.264B,1.711B,401.00M,5.475B,0,24.39B,57.79B,2.779B,3.897B,4.746B,33.40B,53.89B,28.65B,266.00M,1.522B,1.571B
UNP,2017-12,-1.141B,1.365B,2.964B,800.00M,9.29,9.25,0,70.81B,2.486B,2017-12,749.00M,7.278B,-182.00M,-182.00M,51.60B,10.94B,16.14B,2.247B,2.468B,2.092B,-5.186B,5.45B,0,24.86B,57.81B,2.778B,4.006B,3.939B,32.95B,53.80B,29.01B,239.00M,1.67B,1.493B
UNP,2017-09,-1.172B,1.937B,3.105B,903.00M,1.5,1.5,0,69.97B,2.303B,2017-09,742.00M,1.194B,-176.00M,-176.00M,51.04B,16.52B,15.93B,2.073B,2.272B,1.983B,789.00M,5.408B,0,19.15B,57.40B,2.778B,4.449B,3.831B,38.25B,52.95B,34.42B,230.00M,1.506B,1.428B
UNP,2017-06,-1.221B,1.376B,3.033B,531.00M,1.45,1.45,0,69.88B,2.217B,2017-06,726.00M,1.168B,-175.00M,-175.00M,50.81B,16.33B,15.23B,1.998B,2.249B,1.869B,701.00M,5.25B,0,19.62B,56.48B,2.778B,3.869B,3.406B,36.86B,52.61B,33.46B,219.00M,1.456B,1.357B
UNP,2017-03,-1.252B,1.139B,3.084B,723.00M,1.32,1.32,0,69.38B,2.048B,2017-03,760.00M,1.072B,-170.00M,-170.00M,50.55B,16.16B,14.31B,1.788B,2.548B,1.688B,616.00M,5.132B,0,19.72B,55.90B,2.779B,3.588B,3.848B,36.18B,52.31B,32.33B,260.00M,1.791B,1.279B
UNP,2016-12,-1.272B,1.337B,2.999B,758.00M,1.4,1.39,0,69.06B,2.169B,2016-12,717.00M,1.144B,-171.00M,-171.00M,50.39B,16.00B,14.25B,1.936B,2.312B,1.831B,687.00M,5.168B,0,19.93B,55.72B,2.777B,3.596B,3.64B,35.79B,52.12B,32.15B,233.00M,1.528B,1.258B
UNP,2016-09,-1.185B,2.239B,2.943B,407.00M,1.36,1.36,0,68.34B,2.231B,2016-09,690.00M,1.131B,-181.00M,-181.00M,49.94B,15.77B,15.20B,1.96B,2.258B,1.805B,674.00M,5.174B,0,20.28B,56.30B,2.777B,4.602B,3.257B,36.02B,51.70B,32.76B,271.00M,1.517B,1.351B
UNP,2016-06,-1.198B,2.16B,2.866B,409.00M,1.17,1.17,0,67.65B,1.904B,2016-06,660.00M,979.00M,-170.00M,-170.00M,49.46B,15.59B,14.78B,1.66B,2.135B,1.564B,585.00M,4.77B,0,20.42B,55.69B,2.778B,4.566B,3.095B,35.27B,51.12B,32.17B,244.00M,1.361B,1.373B
UNP,2016-03,-1.208B,2.673B,2.893B,402.00M,1.16,1.16,0,67.01B,1.936B,2016-03,716.00M,979.00M,-165.00M,-165.00M,49.07B,15.40B,14.79B,1.687B,2.399B,1.566B,587.00M,4.829B,0,20.48B,55.77B,2.778B,5.083B,3.287B,35.30B,50.69B,32.01B,249.00M,1.654B,1.355B
UNP,2015-12,-1.195B,1.391B,3.055B,594.00M,1.31,1.31,0,66.56B,2.153B,2015-12,736.00M,1.117B,-163.00M,-163.00M,48.87B,15.24B,13.61B,1.918B,2.062B,1.782B,665.00M,5.208B,0,20.70B,54.60B,2.776B,4.13B,3.206B,33.90B,50.47B,30.69B,235.00M,1.282B,1.356B
UNP,2015-09,-1.212B,1.078B,3.149B,521.00M,1.51,1.5,0,65.59B,2.413B,2015-09,741.00M,1.30B,-155.00M,-155.00M,48.15B,15.06B,12.80B,2.208B,2.35B,2.081B,781.00M,5.562B,0,20.60B,53.76B,2.776B,3.942B,3.508B,33.16B,49.82B,29.66B,205.00M,1.601B,1.508B
UNP,2015-06,-1.208B,2.041B,3.255B,431.00M,1.38,1.38,0,64.90B,2.174B,2015-06,762.00M,1.204B,-152.00M,-152.00M,47.51B,14.91B,12.91B,1.949B,2.389B,1.938B,734.00M,5.429B,0,20.99B,54.18B,2.776B,4.983B,3.413B,33.19B,49.19B,29.77B,225.00M,1.589B,1.513B
UNP,2015-03,-1.218B,1.587B,3.378B,416.00M,1.31,1.3,0,64.15B,2.236B,2015-03,744.00M,1.151B,-147.00M,-147.00M,46.93B,14.77B,11.88B,1.977B,2.42B,1.855B,704.00M,5.614B,0,21.06B,53.14B,2.776B,4.479B,3.39B,32.09B,48.67B,28.70B,259.00M,1.658B,1.564B
UNP,2014-12,-1.21B,1.586B,3.552B,461.00M,1.62,1.61,0,63.21B,2.601B,2014-12,712.00M,1.431B,-145.00M,-145.00M,46.27B,14.40B,10.95B,2.373B,2.663B,2.298B,867.00M,6.153B,0,21.19B,52.37B,2.775B,4.401B,3.764B,31.18B,47.97B,27.42B,228.00M,1.827B,1.611B
UNP,2014-09,-708.00M,1.887B,3.61B,460.00M,1.53,1.53,0,62.36B,2.572B,2014-09,736.00M,1.37B,-143.00M,-143.00M,45.55B,14.42B,11.04B,2.33B,2.721B,2.206B,836.00M,6.182B,0,21.55B,52.57B,2.775B,4.78B,3.833B,31.02B,47.79B,27.18B,242.00M,1.978B,1.635B
UNP,2014-06,-714.00M,1.537B,3.591B,458.00M,1.43,1.43,0,61.44B,2.424B,2014-06,739.00M,1.291B,-137.00M,-137.00M,44.90B,14.30B,10.38B,2.196B,2.71B,2.08B,789.00M,6.015B,0,21.44B,51.56B,2.775B,4.503B,3.777B,30.12B,47.06B,26.34B,228.00M,1.945B,1.666B
UNP,2014-03,-734.00M,1.857B,3.558B,632.00M,1.2,1.19,0,60.52B,2.08B,2014-03,705.00M,1.088B,-132.00M,-132.00M,44.19B,14.23B,9.544B,1.854B,3.002B,1.759B,671.00M,5.638B,0,21.27B,50.90B,1.388B,4.679B,4.188B,29.63B,46.22B,25.44B,226.00M,2.273B,1.542B
UNP,2013-12,-750.00M,1.432B,3.469B,705.00M,1.28,1.275,0,59.81B,2.161B,2013-12,653.00M,1.174B,-126.00M,-126.00M,43.75B,14.16B,8.872B,1.973B,2.507B,1.883B,709.00M,5.63B,0,21.22B,49.73B,2.774B,3.99B,3.791B,28.51B,45.74B,24.72B,188.00M,1.746B,1.414B
UNP,2013-09,-1.143B,1.366B,3.406B,691.00M,1.25,1.24,0,59.10B,2.167B,2013-09,683.00M,1.151B,-137.00M,-137.00M,43.31B,13.74B,8.764B,1.962B,2.415B,1.852B,701.00M,5.573B,1.193B,20.77B,48.96B,1.387B,4.064B,3.655B,28.18B,44.89B,24.53B,205.00M,1.70B,1.469B
UNP,2013-06,-1.148B,1.845B,3.373B,733.00M,1.19,1.18,0,58.48B,2.097B,2013-06,654.00M,1.106B,-132.00M,-132.00M,42.91B,13.48B,9.076B,1.878B,2.518B,1.768B,662.00M,5.47B,1.166B,20.52B,49.03B,1.387B,4.543B,3.825B,28.50B,44.48B,24.68B,219.00M,1.736B,1.468B
UNP,2013-03,-1.169B,1.917B,3.42B,552.00M,1.025,1.015,0,57.75B,1.87B,2013-03,655.00M,957.00M,-127.00M,-127.00M,42.38B,13.29B,9.309B,1.633B,2.538B,1.545B,588.00M,5.29B,0,20.14B,48.56B,1.387B,4.646B,3.61B,28.42B,43.92B,24.81B,237.00M,1.818B,1.512B
UNP,2012-12,-1.186B,1.063B,3.343B,196.00M,1.105,1.095,0,57.28B,1.907B,2012-12,660.00M,1.036B,-125.00M,-125.00M,42.00B,13.11B,8.801B,1.725B,2.367B,1.64B,604.00M,5.25B,0,19.88B,47.15B,1.386B,3.614B,3.119B,27.28B,43.54B,24.16B,182.00M,1.606B,1.331B
UNP,2012-09,-1.015B,1.13B,3.357B,713.00M,1.105,1.095,0,56.73B,1.986B,2012-09,680.00M,1.042B,-137.00M,-137.00M,41.62B,12.86B,8.773B,1.786B,2.599B,1.677B,635.00M,5.343B,0,19.55B,47.07B,1.386B,3.946B,3.874B,27.52B,43.12B,23.65B,200.00M,1.778B,1.583B
UNP,2012-06,-1.061B,1.201B,3.307B,780.00M,1.055,1.05,0,55.81B,1.914B,2012-06,646.00M,1.002B,-135.00M,-135.00M,40.94B,12.65B,8.636B,1.724B,2.637B,1.61B,608.00M,5.221B,0,19.09B,46.37B,1.386B,3.956B,3.917B,27.29B,42.42B,23.37B,190.00M,1.748B,1.497B
UNP,2012-03,-1.046B,995.00M,3.386B,769.00M,0.905,0.895,0,55.01B,1.726B,2012-03,682.00M,863.00M,-135.00M,-135.00M,40.31B,12.50B,8.066B,1.51B,2.631B,1.391B,528.00M,5.112B,0,18.76B,45.34B,1.387B,3.565B,3.902B,26.58B,41.77B,22.68B,216.00M,1.83B,1.327B
UNP,2011-12,-1.054B,1.217B,8.03B,209.00M,1,0.99,0,54.44B,-2.922B,2011-12,614.00M,964.00M,-140.00M,-140.00M,39.93B,12.37B,8.697B,1.617B,2.484B,1.53B,566.00M,5.108B,0,18.58B,45.10B,1.386B,3.727B,3.317B,26.52B,41.37B,23.20B,-4.539B,1.675B,1.401B
UNP,2011-09,-732.00M,1.647B,1.715B,642.00M,0.935,0.925,0,53.71B,3.386B,2011-09,607.00M,904.00M,-142.00M,-142.00M,39.42B,12.29B,8.765B,1.578B,2.481B,1.453B,549.00M,5.101B,0,18.56B,45.07B,1.386B,4.214B,3.724B,26.50B,40.85B,22.78B,1.808B,1.718B,1.424B
UNP,2011-06,-719.00M,1.055B,1.703B,179.00M,0.805,0.795,0,52.94B,3.155B,2011-06,630.00M,785.00M,-147.00M,-147.00M,38.91B,12.02B,8.759B,1.392B,2.423B,1.27B,485.00M,4.858B,0,18.31B,44.03B,1.386B,3.699B,3.153B,25.72B,40.33B,22.57B,1.763B,1.634B,1.427B
