Ticker,Date,Accrued Comprehensive Inc,Cash and Short Term Investments,Cost of Goods Sold,Current Debt & Capital Lease Obligation,EPS Basic,EPS Diluted,Goodwill and Intangibles,Gross PP&E,Gross Profit,Income (Quarterly),Inventories,Net Income,Net Non-Operating Interest Income Expense,Net Operating Interest Income,Net PP&E,Non-Current Deferred Liabilities,Non-Current Portion of LTD and Capital Lease Obligation,Operating Income,Payables and Accrued Expenses,Pre-Tax Income,Provision for Income Taxes,Revenue,SG&A Expense,Shareholders Equity,Total Assets,Total Capital Stock,Total Current Assets,Total Current Liabilities,Total Liabilities,Total Long Term Assets,Total Long Term Liabilities,Total Operating Expenses,Total Payables,Total Receivables
UPS,2020-12,-7.113B,6.316B,20.08B,3.183B,-3.75,-3.75,5.641B,65.16B,4.813B,2020-12,620.00M,-3.347B,-175.00M,-175.00M,35.33B,488.00M,24.57B,2.037B,10.02B,-4.288B,-941.00M,24.90B,0,657.00M,62.41B,9.00M,20.22B,17.02B,61.74B,42.19B,44.72B,2.776B,6.455B,10.75B
UPS,2020-09,-6.022B,9.241B,17.26B,2.942B,2.25,2.24,6.105B,65.63B,3.977B,2020-09,511.00M,1.957B,-176.00M,-176.00M,35.19B,2.145B,25.81B,2.363B,8.749B,2.525B,568.00M,21.24B,0,5.592B,62.41B,9.00M,19.93B,15.46B,56.80B,42.48B,41.34B,1.614B,5.609B,8.993B
UPS,2020-06,-5.933B,9.216B,16.63B,4.283B,2.04,2.03,5.994B,64.40B,3.831B,2020-06,421.00M,1.768B,-183.00M,-183.00M,34.44B,1.918B,25.66B,2.212B,8.193B,2.357B,589.00M,20.46B,0,4.363B,62.06B,9.00M,20.23B,16.27B,57.68B,41.83B,41.41B,1.619B,5.271B,9.23B
UPS,2020-03,-5.876B,9.46B,15.37B,4.931B,1.12,1.11,5.952B,63.50B,2.663B,2020-03,0,965.00M,-167.00M,-167.00M,33.95B,1.787B,26.69B,1.072B,7.385B,1.25B,285.00M,18.04B,0,3.299B,60.90B,9.00M,19.39B,15.85B,57.58B,41.51B,41.74B,1.591B,4.779B,8.126B
UPS,2019-12,-5.997B,5.741B,16.61B,3.958B,-0.12,-0.12,5.98B,62.58B,3.959B,2019-12,0,-106.00M,-166.00M,-166.00M,33.34B,1.632B,24.21B,2.133B,8.107B,-198.00M,-92.00M,20.57B,0,3.267B,57.86B,9.00M,17.10B,15.41B,54.57B,40.75B,39.16B,1.826B,5.555B,9.552B
UPS,2019-09,-4.617B,4.538B,14.82B,2.661B,2.03,2.01,5.914B,60.36B,3.502B,2019-09,0,1.75B,-159.00M,-159.00M,31.58B,1.886B,23.80B,2.128B,6.701B,2.206B,456.00M,18.32B,0,5.558B,53.28B,9.00M,14.18B,12.84B,47.71B,39.10B,34.87B,1.374B,4.218B,8.155B
UPS,2019-06,-4.815B,4.797B,14.53B,3.439B,1.95,1.94,5.932B,59.03B,3.522B,2019-06,0,1.685B,-159.00M,-159.00M,30.57B,1.947B,22.45B,2.143B,7.034B,2.204B,519.00M,18.05B,0,4.405B,52.79B,9.00M,14.84B,13.63B,48.36B,37.94B,34.73B,1.379B,4.291B,8.672B
UPS,2019-03,-4.818B,5.111B,14.43B,3.281B,1.28,1.28,5.906B,57.91B,2.734B,2019-03,0,1.111B,-169.00M,-169.00M,29.79B,1.758B,22.47B,1.394B,6.82B,1.44B,329.00M,17.16B,0,3.467B,52.06B,9.00M,14.90B,13.21B,48.58B,37.16B,35.37B,1.34B,3.907B,8.46B
UPS,2018-12,-4.994B,5.035B,16.29B,2.805B,0.52,0.52,5.887B,54.49B,3.558B,2018-12,0,453.00M,-148.00M,-148.00M,26.58B,1.619B,19.93B,2.004B,8.235B,543.00M,90.00M,19.85B,0,3.021B,50.02B,9.00M,16.21B,14.09B,46.98B,33.81B,32.89B,1.554B,5.188B,9.898B
UPS,2018-09,-5.288B,4.841B,14.38B,3.20B,1.74,1.73,5.895B,53.05B,3.064B,2018-09,0,1.508B,-155.00M,-155.00M,25.38B,1.069B,20.10B,1.727B,6.437B,1.889B,381.00M,17.44B,0,3.098B,46.69B,9.00M,13.99B,12.22B,43.56B,32.70B,31.34B,1.337B,3.689B,7.814B
UPS,2018-06,-5.346B,4.934B,14.37B,2.591B,1.71,1.71,5.865B,51.20B,3.085B,2018-06,404.00M,1.485B,-149.00M,-149.00M,23.90B,975.00M,20.12B,1.773B,6.334B,1.926B,441.00M,17.46B,0,2.328B,45.22B,9.00M,13.87B,11.49B,42.87B,31.35B,31.38B,1.312B,3.785B,7.67B
UPS,2018-03,-5.638B,4.209B,14.33B,2.683B,1.55,1.55,5.918B,50.31B,2.782B,2018-03,342.00M,1.345B,-153.00M,-153.00M,23.24B,837.00M,20.41B,1.52B,6.024B,1.661B,316.00M,17.11B,0,1.344B,44.46B,9.00M,13.62B,11.15B,43.09B,30.84B,31.94B,1.262B,3.501B,7.894B
UPS,2017-12,-4.867B,4.069B,15.39B,4.011B,1.27,1.27,5.836B,48.73B,3.584B,2017-12,0,1.096B,-129.00M,-129.00M,22.12B,756.00M,20.28B,2.063B,6.542B,1.371B,275.00M,18.98B,0,994.00M,45.57B,9.00M,15.72B,12.89B,44.55B,29.86B,31.66B,1.521B,3.934B,10.35B
UPS,2017-09,-4.224B,4.461B,13.16B,4.555B,1.45,1.44,5.735B,47.20B,3.015B,2017-09,0,1.259B,-111.00M,-111.00M,20.99B,75.00M,14.36B,1.812B,5.247B,1.937B,678.00M,16.17B,0,1.509B,41.36B,9.00M,12.91B,12.17B,39.82B,28.45B,27.65B,1.203B,2.808B,6.937B
UPS,2017-06,-4.202B,4.604B,12.73B,3.817B,1.59,1.58,5.674B,45.59B,3.195B,2017-06,0,1.384B,-111.00M,-111.00M,19.84B,95.00M,14.26B,2.037B,4.941B,2.119B,735.00M,15.93B,0,1.244B,39.72B,9.00M,12.39B,11.08B,38.45B,27.33B,27.37B,1.158B,2.648B,6.553B
UPS,2017-03,-4.462B,3.718B,12.72B,4.302B,1.33,1.33,5.557B,44.51B,2.79B,2017-03,0,1.166B,-102.00M,-102.00M,19.22B,107.00M,12.94B,1.617B,4.674B,1.71B,544.00M,15.51B,0,535.00M,38.38B,9.00M,11.49B,11.41B,37.82B,26.89B,26.41B,1.173B,2.404B,6.475B
UPS,2016-12,-4.483B,4.567B,14.50B,3.681B,-0.27,-0.27,5.515B,43.67B,3.139B,2016-12,0,-248.00M,-100.00M,-100.00M,18.80B,112.00M,12.39B,1.793B,5.359B,-531.00M,-283.00M,17.64B,0,405.00M,40.38B,9.00M,13.85B,11.73B,39.95B,26.53B,28.22B,1.346B,3.042B,8.328B
UPS,2016-09,-3.651B,5.358B,11.80B,3.82B,1.44,1.44,4.973B,43.18B,3.13B,2016-09,0,1.27B,-94.00M,-94.00M,18.49B,72.00M,11.51B,2.034B,4.721B,1.953B,683.00M,14.93B,0,2.743B,38.34B,9.00M,12.85B,10.89B,35.58B,25.49B,24.69B,1.096B,2.451B,6.272B
UPS,2016-06,-3.606B,5.672B,11.50B,2.816B,1.43,1.43,4.977B,42.60B,3.133B,2016-06,0,1.269B,-94.00M,-94.00M,18.25B,72.00M,11.55B,2.038B,4.687B,1.952B,683.00M,14.63B,0,2.626B,38.34B,9.00M,13.12B,9.961B,35.69B,25.22B,25.73B,1.095B,2.538B,6.111B
UPS,2016-03,-3.647B,6.267B,11.51B,3.869B,1.27,1.27,5.009B,42.31B,2.905B,2016-03,0,1.131B,-93.00M,-93.00M,18.28B,104.00M,11.57B,1.823B,4.709B,1.747B,616.00M,14.42B,0,2.457B,39.17B,9.00M,13.91B,11.10B,36.69B,25.26B,25.59B,1.082B,2.578B,6.241B
UPS,2015-12,-3.54B,4.726B,12.70B,3.018B,1.49,1.48,4.968B,41.92B,3.353B,2015-12,308.00M,1.331B,-85.00M,-85.00M,18.35B,115.00M,11.32B,2.051B,4.84B,1.969B,638.00M,16.05B,0,2.47B,38.31B,9.00M,13.21B,10.70B,35.82B,25.10B,25.12B,1.302B,2.587B,7.134B
UPS,2015-09,-3.851B,5.689B,11.13B,4.557B,1.4,1.39,4.965B,41.44B,3.106B,2015-09,344.00M,1.257B,-83.00M,-83.00M,18.16B,77.00M,10.04B,1.984B,4.375B,1.905B,648.00M,14.24B,0,1.929B,39.00B,9.00M,13.58B,11.87B,37.05B,25.42B,25.18B,1.122B,2.058B,6.055B
UPS,2015-06,-3.727B,6.222B,11.02B,3.252B,1.37,1.35,3.092B,40.94B,3.08B,2015-06,403.00M,1.23B,-86.00M,-86.00M,17.97B,49.00M,9.90B,1.96B,4.298B,1.878B,648.00M,14.10B,0,1.95B,37.25B,9.00M,13.77B,10.30B,35.28B,23.48B,24.98B,1.12B,2.15B,5.618B
UPS,2015-03,-3.688B,6.417B,11.21B,3.163B,1.13,1.12,2.984B,40.47B,2.765B,2015-03,0,1.026B,-87.00M,-87.00M,17.90B,78.00M,9.941B,1.673B,4.648B,1.59B,564.00M,13.98B,0,1.829B,37.33B,9.00M,13.92B,10.61B,35.48B,23.42B,24.88B,1.092B,2.506B,5.724B
UPS,2014-12,-3.594B,3.283B,13.78B,923.00M,0.5,0.49,3.031B,40.62B,2.117B,2014-12,0,453.00M,-87.00M,-87.00M,18.28B,1.276B,9.856B,754.00M,5.127B,662.00M,209.00M,15.90B,0,2.141B,35.44B,9.00M,11.22B,8.621B,33.28B,24.22B,24.66B,1.363B,2.754B,6.661B
UPS,2014-09,-611.00M,5.571B,11.31B,2.393B,1.33,1.32,2.982B,39.94B,2.979B,2014-09,0,1.214B,-87.00M,-87.00M,17.84B,933.00M,9.858B,1.954B,4.29B,1.869B,655.00M,14.29B,0,5.627B,35.91B,9.00M,13.32B,9.096B,30.26B,22.59B,21.17B,1.025B,2.112B,5.822B
UPS,2014-06,-596.00M,4.599B,12.40B,1.902B,0.49,0.49,3.032B,39.66B,1.87B,2014-06,0,454.00M,-89.00M,-89.00M,17.79B,1.177B,9.94B,747.00M,4.166B,683.00M,229.00M,14.27B,0,5.568B,34.86B,9.00M,12.34B,8.337B,29.28B,22.52B,20.94B,1.123B,2.106B,5.845B
UPS,2014-03,-489.00M,7.035B,11.24B,2.222B,0.99,0.98,3.004B,39.29B,2.54B,2014-03,0,911.00M,-90.00M,-90.00M,17.77B,1.244B,9.86B,1.513B,4.957B,1.423B,512.00M,13.78B,0,6.247B,37.08B,9.00M,14.62B,9.193B,30.82B,22.46B,21.63B,1.027B,2.622B,5.804B
UPS,2013-12,-460.00M,5.245B,11.93B,48.00M,1.26,1.25,2.965B,39.15B,3.049B,2013-12,0,1.167B,-94.00M,-94.00M,17.96B,0,10.82B,1.908B,4.803B,1.824B,657.00M,14.98B,0,6.474B,36.21B,9.00M,13.39B,7.131B,29.72B,22.82B,22.59B,1.141B,2.478B,6.502B
UPS,2013-09,-3.469B,6.649B,10.71B,1.703B,1.17,1.16,2.951B,38.95B,2.815B,2013-09,0,1.097B,-92.00M,-92.00M,17.99B,0,10.90B,1.804B,4.089B,1.714B,617.00M,13.52B,0,3.642B,37.48B,9.00M,13.76B,7.821B,33.82B,23.72B,26.00B,1.011B,2.054B,5.592B
UPS,2013-06,-3.577B,6.192B,10.70B,1.086B,1.14,1.13,2.827B,38.50B,2.803B,2013-06,393.00M,1.071B,-98.00M,-98.00M,17.88B,48.00M,10.84B,1.742B,4.087B,1.647B,576.00M,13.51B,6.876B,3.617B,36.70B,9.00M,13.23B,7.183B,33.07B,23.48B,25.89B,1.061B,2.229B,5.438B
UPS,2013-03,-3.595B,7.332B,10.79B,1.615B,1.09,1.08,2.805B,38.31B,2.644B,2013-03,345.00M,1.037B,-96.00M,-96.00M,17.89B,1.332B,11.05B,1.58B,4.448B,1.489B,452.00M,13.43B,7.867B,4.028B,38.00B,9.00M,14.48B,8.034B,33.96B,23.52B,25.93B,1.064B,2.545B,5.617B
UPS,2012-12,-3.354B,7.924B,16.21B,1.781B,-1.83,-1.83,2.776B,38.04B,-1.64B,2012-12,0,-1.748B,-109.00M,-109.00M,17.89B,1.778B,11.09B,-2.782B,4.205B,-2.885B,-1.137B,14.57B,7.798B,4.653B,38.86B,10.00M,15.59B,8.39B,34.13B,23.27B,25.74B,1.142B,2.278B,6.111B
UPS,2012-09,-2.929B,9.016B,11.28B,3.859B,0.49,0.48,2.784B,37.69B,1.792B,2012-09,0,469.00M,-98.00M,-98.00M,17.83B,1.87B,11.15B,766.00M,3.111B,674.00M,205.00M,13.07B,0,7.529B,39.06B,10.00M,16.34B,10.29B,31.45B,22.72B,21.16B,1.026B,2.254B,5.545B
UPS,2012-06,-3.192B,7.322B,10.47B,1.911B,1.16,1.15,2.767B,37.10B,2.88B,2012-06,0,1.116B,-92.00M,-92.00M,17.60B,1.90B,11.11B,1.79B,3.215B,1.704B,588.00M,13.35B,0,7.645B,37.18B,10.00M,14.70B,8.40B,29.45B,22.48B,21.05B,1.09B,2.436B,5.541B
UPS,2012-03,-3.02B,6.08B,10.58B,919.00M,1.01,1,2.811B,36.88B,2.561B,2012-03,0,970.00M,-94.00M,-94.00M,17.61B,2.394B,11.08B,1.569B,3.339B,1.481B,511.00M,13.14B,0,7.423B,35.96B,10.00M,13.47B,7.543B,28.46B,22.49B,20.92B,992.00M,2.567B,5.637B
UPS,2011-12,-3.103B,4.275B,33.72B,33.00M,0.76,0.75,2.686B,36.54B,-19.56B,2011-12,0,725.00M,-96.00M,-96.00M,17.62B,2.175B,11.10B,1.197B,4.143B,1.109B,384.00M,14.17B,0,7.035B,34.70B,10.00M,12.28B,6.514B,27.59B,22.42B,21.08B,-20.75B,2.30B,6.246B
UPS,2011-09,-6.04B,5.453B,3.135B,1.31B,1.1,1.09,2.688B,36.28B,10.03B,2011-09,0,1.072B,-84.00M,-84.00M,17.58B,2.024B,11.09B,1.666B,2.739B,1.598B,526.00M,13.17B,0,7.798B,35.24B,10.00M,12.63B,7.511B,27.37B,22.61B,19.86B,8.365B,1.974B,5.584B
UPS,2011-06,-5.977B,5.637B,3.136B,1.374B,1.11,1.09,2.694B,35.97B,10.06B,2011-06,0,1.092B,-83.00M,-83.00M,17.49B,0,10.79B,1.745B,2.846B,1.671B,579.00M,13.19B,0,8.254B,35.15B,10.00M,12.95B,7.618B,26.82B,22.20B,19.20B,8.31B,2.078B,5.951B
UPS,2011-03,-6.052B,5.444B,2.871B,1.554B,0.92,0.91,2.706B,35.64B,9.711B,2011-03,0,915.00M,-85.00M,-85.00M,17.41B,0,10.50B,1.472B,3.076B,1.398B,483.00M,12.58B,0,8.164B,34.59B,10.00M,12.62B,7.605B,26.36B,21.98B,18.76B,8.239B,2.324B,5.781B
