Ticker,Date,Accrued Comprehensive Inc,Cash and Short Term Investments,Cost of Goods Sold,Current Debt & Capital Lease Obligation,Current Deferred Liabilities,EPS Basic,EPS Diluted,Goodwill and Intangibles,Gross PP&E,Gross Profit,Income (Quarterly),Net Income,Net Non-Operating Interest Income Expense,Net Operating Interest Income,Net PP&E,Non-Current Deferred Liabilities,Non-Current Portion of LTD and Capital Lease Obligation,Operating Income,Payables and Accrued Expenses,Pre-Tax Income,Provision for Income Taxes,Revenue,SG&A Expense,Shareholders Equity,Total Assets,Total Capital Stock,Total Current Assets,Total Current Liabilities,Total Liabilities,Total Long Term Assets,Total Long Term Liabilities,Total Operating Expenses,Total Payables,Total Receivables
V,2020-12,1.154B,18.04B,1.154B,2.999B,0,1.42,1.42,44.71B,7.161B,4.533B,2020-12,3.126B,-136.00M,-136.00M,2.713B,5.343B,21.06B,3.845B,5.318B,3.748B,622.00M,5.687B,491.00M,37.68B,80.43B,3.683B,26.28B,12.39B,42.75B,54.15B,30.36B,688.00M,2.179B,3.342B
V,2020-09,354.00M,20.04B,1.113B,2.999B,1.262B,0.97,0.97,43.72B,6.57B,3.988B,2020-09,2.137B,-145.00M,-145.00M,2.737B,5.237B,21.07B,3.144B,4.664B,3.055B,918.00M,5.101B,648.00M,36.21B,80.92B,5.086B,27.64B,14.51B,44.71B,53.27B,30.20B,844.00M,1.91B,2.882B
V,2020-06,-279.00M,16.64B,1.113B,3.999B,1.284B,1.07,1.07,42.98B,5.697B,3.724B,2020-06,2.373B,-142.00M,-142.00M,2.746B,4.728B,17.88B,3.00B,6.431B,2.932B,559.00M,4.837B,527.00M,35.52B,77.88B,5.298B,25.01B,16.10B,42.36B,52.87B,26.26B,724.00M,2.878B,3.564B
V,2020-03,-444.00M,12.15B,1.123B,3.00B,1.30B,1.39,1.38,42.77B,0,4.731B,2020-03,3.084B,-118.00M,-118.00M,2.776B,4.796B,13.89B,3.932B,5.296B,3.829B,745.00M,5.854B,607.00M,34.58B,72.82B,5.462B,19.91B,15.94B,38.24B,52.91B,22.29B,799.00M,2.03B,2.948B
V,2019-12,-340.00M,12.67B,1.163B,0,0,1.46,1.46,42.90B,0,4.891B,2019-12,3.272B,-111.00M,-111.00M,2.739B,4.81B,13.69B,4.016B,8.084B,3.974B,702.00M,6.054B,693.00M,35.27B,74.78B,5.462B,22.32B,17.58B,39.51B,52.46B,21.93B,875.00M,4.41B,4.934B
V,2019-09,-650.00M,12.07B,1.064B,0,0,1.34,1.34,42.44B,0,5.073B,2019-09,3.025B,-120.00M,-120.00M,2.695B,4.807B,16.73B,4.105B,6.974B,3.711B,686.00M,6.137B,796.00M,34.68B,72.57B,5.462B,20.97B,13.42B,37.89B,51.60B,24.48B,968.00M,4.146B,4.59B
V,2019-06,110.00M,11.18B,1.056B,0,0,1.37,1.37,42.58B,0,4.784B,2019-06,3.101B,-128.00M,-128.00M,2.549B,4.93B,16.69B,3.909B,4.784B,3.866B,765.00M,5.84B,710.00M,35.00B,70.25B,5.462B,18.30B,10.83B,35.25B,51.94B,24.42B,875.00M,2.57B,3.22B
V,2019-03,-86.00M,11.52B,1.065B,0,0,1.31,1.31,42.05B,0,4.429B,2019-03,2.977B,-140.00M,-140.00M,2.456B,4.911B,16.63B,3.663B,4.321B,3.677B,700.00M,5.494B,606.00M,34.28B,69.86B,5.464B,18.49B,11.38B,35.59B,51.38B,24.21B,766.00M,2.20B,2.978B
V,2018-12,275.00M,11.75B,980.00M,0,0,1.3,1.3,42.45B,0,4.526B,2018-12,2.977B,-145.00M,-145.00M,2.437B,4.835B,16.63B,3.724B,6.99B,3.63B,653.00M,5.506B,643.00M,34.10B,71.66B,5.464B,20.11B,13.39B,37.56B,51.55B,24.17B,802.00M,4.014B,4.528B
V,2018-09,547.00M,11.71B,1.003B,0,0,1.24,1.23,42.75B,0,4.431B,2018-09,2.845B,-150.00M,-150.00M,2.472B,4.618B,16.63B,3.413B,4.945B,3.538B,693.00M,5.434B,855.00M,34.01B,69.22B,5.47B,18.22B,11.30B,35.22B,51.01B,23.91B,1.018B,2.351B,2.79B
V,2018-06,741.00M,11.90B,1.021B,1.749B,1.30B,1,1,42.83B,5.143B,4.219B,2018-06,2.329B,-155.00M,-155.00M,2.387B,4.802B,16.63B,3.485B,4.982B,2.812B,483.00M,5.24B,582.00M,33.32B,68.18B,5.47B,18.49B,10.93B,34.86B,49.68B,23.92B,734.00M,2.455B,2.835B
V,2018-03,1.728B,11.72B,993.00M,1.749B,0,1.12,1.11,43.91B,4.798B,4.08B,2018-03,2.605B,-153.00M,-153.00M,2.366B,6.477B,16.62B,3.336B,5.259B,3.217B,612.00M,5.073B,591.00M,34.10B,69.04B,5.476B,18.54B,9.551B,34.94B,50.51B,25.39B,744.00M,3.188B,3.76B
V,2017-12,1.203B,11.55B,839.00M,1.748B,0,1.07,1.07,43.27B,0,4.023B,2017-12,2.522B,-154.00M,-154.00M,2.238B,6.437B,16.62B,3.327B,4.464B,3.239B,717.00M,4.862B,551.00M,33.40B,67.15B,5.476B,17.29B,8.363B,33.75B,49.87B,25.39B,696.00M,2.41B,2.899B
V,2017-09,878.00M,13.44B,822.00M,2.313B,0,0.91,0.9,42.96B,0,4.033B,2017-09,2.14B,-148.00M,-148.00M,2.253B,7.284B,16.62B,3.214B,4.293B,3.099B,959.00M,4.855B,672.00M,32.76B,67.98B,5.526B,19.02B,9.994B,35.22B,48.95B,25.22B,819.00M,2.182B,2.554B
V,2017-06,118.00M,10.19B,856.00M,0,0,0.87,0.86,42.33B,0,3.709B,2017-06,2.059B,-140.00M,-140.00M,2.202B,7.146B,14.14B,3.024B,4.14B,2.914B,855.00M,4.565B,553.00M,31.94B,64.00B,5.526B,15.72B,9.511B,32.06B,48.28B,22.54B,685.00M,2.205B,2.524B
V,2017-03,-980.00M,7.922B,854.00M,0,0,0.18,0.18,41.24B,0,3.623B,2017-03,430.00M,-135.00M,-135.00M,2.133B,6.911B,14.14B,2.81B,5.162B,2.702B,2.272B,4.477B,682.00M,30.78B,63.23B,5.597B,15.50B,10.21B,32.44B,47.72B,22.24B,813.00M,2.999B,4.431B
V,2016-12,-1.369B,9.521B,716.00M,0,0,0.86,0.86,41.27B,0,3.745B,2016-12,2.07B,-140.00M,-140.00M,2.201B,5.986B,14.14B,3.115B,4.717B,2.979B,909.00M,4.461B,484.00M,31.73B,63.37B,5.717B,14.69B,10.34B,31.64B,48.68B,21.30B,630.00M,2.177B,2.453B
V,2016-09,-458.00M,8.938B,851.00M,0,0,0.79,0.79,42.30B,0,3.41B,2016-09,1.931B,-135.00M,-135.00M,2.15B,6.033B,15.88B,2.626B,3.913B,2.51B,579.00M,4.261B,643.00M,32.91B,64.04B,5.717B,14.31B,8.046B,31.12B,49.72B,23.08B,784.00M,2.44B,2.508B
V,2016-06,-543.00M,8.752B,632.00M,0,0,0.17,0.17,42.12B,0,2.998B,2016-06,412.00M,-131.00M,-131.00M,2.136B,6.186B,15.88B,2.305B,4.287B,422.00M,10.00M,3.63B,573.00M,32.83B,63.87B,5.717B,14.37B,7.783B,31.04B,49.49B,23.26B,693.00M,2.114B,2.565B
V,2016-03,-96.00M,19.90B,654.00M,0,0,0.71,0.71,23.17B,0,2.972B,2016-03,1.707B,-132.00M,-132.00M,1.883B,3.256B,15.88B,2.435B,2.567B,2.441B,734.00M,3.626B,416.00M,29.13B,54.33B,0,24.30B,5.125B,25.20B,30.02B,20.07B,537.00M,813.00M,1.358B
V,2015-12,-49.00M,21.34B,627.00M,0,80.00M,0.8,0.8,23.17B,4.283B,2.938B,2015-12,1.941B,-29.00M,-29.00M,1.884B,3.344B,15.88B,2.396B,2.639B,2.639B,698.00M,3.565B,422.00M,29.48B,54.98B,0,25.47B,5.357B,25.50B,29.50B,20.14B,542.00M,1.384B,1.365B
V,2015-09,-74.00M,6.015B,655.00M,0,79.00M,0.62,0.62,23.19B,3.915B,2.916B,2015-09,1.512B,-1.00M,-1.00M,1.888B,3.273B,0,2.294B,2.263B,2.283B,771.00M,3.571B,503.00M,29.84B,39.37B,0,10.02B,5.355B,9.525B,29.35B,4.17B,622.00M,982.00M,1.332B
V,2015-06,-4.00M,4.722B,683.00M,0,82.00M,0.69,0.69,23.20B,3.439B,2.835B,2015-06,1.697B,8.00M,8.00M,1.847B,4.134B,0,2.262B,3.229B,2.168B,471.00M,3.518B,443.00M,28.63B,39.43B,0,10.07B,5.789B,10.80B,29.36B,5.013B,573.00M,1.326B,1.596B
V,2015-03,31.00M,4.606B,592.00M,0,72.00M,0.63,0.63,23.13B,0,2.817B,2015-03,1.55B,-7.00M,-7.00M,1.843B,4.131B,0,2.284B,3.043B,2.282B,732.00M,3.409B,408.00M,28.24B,38.84B,0,10.10B,5.443B,10.60B,28.73B,5.155B,533.00M,1.207B,1.575B
V,2014-12,10.00M,4.58B,623.00M,0,60.00M,0.63,0.63,23.15B,0,2.759B,2014-12,1.569B,-3.00M,-3.00M,1.861B,4.139B,0,2.238B,2.977B,2.262B,693.00M,3.382B,401.00M,27.94B,38.88B,0,9.864B,5.798B,10.94B,29.02B,5.144B,521.00M,1.46B,1.40B
V,2014-09,-17.00M,3.95B,624.00M,0,0,0.4325,0.43,23.16B,0,2.605B,2014-09,1.073B,0,0,1.892B,4.145B,0,2.005B,3.218B,1.55B,477.00M,3.229B,488.00M,27.41B,38.57B,0,9.562B,6.006B,11.16B,29.01B,5.15B,600.00M,1.552B,1.699B
V,2014-06,-16.00M,4.064B,590.00M,0,0,0.54,0.54,23.17B,0,2.565B,2014-06,1.36B,0,0,1.772B,4.17B,0,2.02B,3.078B,2.03B,670.00M,3.155B,436.00M,27.29B,37.68B,0,9.025B,5.314B,10.39B,28.65B,5.075B,545.00M,1.408B,1.625B
V,2014-03,26.00M,3.494B,566.00M,0,0,0.63,0.63,23.00B,0,2.597B,2014-03,1.598B,0,0,1.76B,4.146B,0,2.048B,2.855B,2.061B,463.00M,3.163B,442.00M,27.30B,37.26B,0,8.507B,4.961B,9.968B,28.76B,5.007B,549.00M,1.213B,1.617B
V,2013-12,43.00M,4.09B,602.00M,0,0,0.5525,0.55,23.02B,0,2.553B,2013-12,1.407B,0,0,1.746B,4.16B,0,2.077B,1.938B,2.083B,676.00M,3.155B,369.00M,27.01B,36.25B,0,7.765B,4.385B,9.234B,28.48B,4.849B,476.00M,1.759B,1.748B
V,2013-09,21.00M,4.255B,621.00M,0,0,0.465,0.4625,23.03B,0,2.352B,2013-09,1.192B,0,0,1.732B,4.149B,0,1.751B,1.687B,1.766B,574.00M,2.973B,495.00M,26.87B,35.96B,0,7.822B,4.335B,9.086B,28.13B,4.751B,601.00M,1.473B,1.702B
V,2013-06,-116.00M,3.348B,610.00M,13.00M,59.00M,0.4725,0.47,23.05B,3.081B,2.391B,2013-06,1.225B,-11.00M,-11.00M,1.689B,4.043B,22.00M,1.827B,1.581B,1.833B,608.00M,3.001B,463.00M,27.00B,35.28B,0,6.941B,3.671B,8.282B,28.34B,4.611B,564.00M,948.00M,1.838B
V,2013-03,-133.00M,2.719B,605.00M,12.00M,63.00M,0.4825,0.48,23.07B,2.749B,2.353B,2013-03,1.27B,-12.00M,-12.00M,1.674B,4.046B,25.00M,1.861B,1.445B,1.857B,587.00M,2.958B,394.00M,26.90B,35.06B,0,6.914B,3.539B,8.164B,28.14B,4.625B,492.00M,840.00M,2.453B
V,2012-12,-137.00M,2.785B,564.00M,0,0,0.485,0.4825,23.08B,0,2.282B,2012-12,1.293B,0,0,1.641B,4.057B,0,1.803B,1.769B,1.801B,508.00M,2.846B,387.00M,27.59B,35.86B,0,7.387B,3.747B,8.271B,28.47B,4.524B,479.00M,1.186B,3.001B
V,2012-09,-171.00M,2.817B,582.00M,0,0,0.515,0.4375,23.10B,0,2.149B,2012-09,1.662B,0,0,1.634B,4.058B,0,1.524B,5.531B,1.588B,-74.00M,2.731B,536.00M,27.63B,40.01B,0,11.79B,7.954B,12.38B,28.23B,4.429B,625.00M,929.00M,1.356B
V,2012-06,-175.00M,2.303B,537.00M,0,0,-0.685,-0.685,23.12B,0,2.028B,2012-06,-1.839B,0,0,1.581B,3.944B,0,1.491B,5.816B,-2.607B,-768.00M,2.565B,453.00M,26.16B,38.74B,0,10.90B,7.854B,12.58B,27.84B,4.729B,537.00M,858.00M,1.236B
V,2012-03,-176.00M,2.957B,534.00M,0,0,0.4809,0.4775,23.10B,0,2.044B,2012-03,1.292B,0,0,1.54B,3.941B,0,1.606B,1.607B,1.609B,317.00M,2.578B,358.00M,28.52B,36.85B,0,10.30B,3.587B,8.325B,26.55B,4.738B,438.00M,777.00M,1.163B
V,2011-12,-172.00M,2.741B,487.00M,0,0,0.375,0.3725,23.12B,0,2.06B,2011-12,1.029B,0,0,1.542B,4.212B,0,1.618B,1.755B,1.617B,590.00M,2.547B,362.00M,27.30B,35.77B,0,9.978B,3.537B,8.467B,25.79B,4.93B,442.00M,513.00M,1.138B
V,2011-09,-176.00M,3.398B,494.00M,0,0,0.27,0.2225,23.10B,0,1.889B,2011-09,880.00M,0,0,1.541B,4.205B,0,1.363B,1.317B,1.354B,476.00M,2.383B,449.00M,26.44B,34.76B,0,9.19B,3.451B,8.323B,25.57B,4.872B,526.00M,681.00M,1.084B
V,2011-06,-136.00M,3.82B,454.00M,0,0,0.3575,0.3575,23.12B,0,1.868B,2011-06,1.005B,0,0,1.51B,4.254B,0,1.345B,1.681B,1.543B,539.00M,2.322B,449.00M,26.05B,34.45B,0,9.516B,3.531B,8.395B,24.93B,4.864B,523.00M,558.00M,956.00M
V,2011-03,-139.00M,3.709B,431.00M,0,0,0.31,0.3075,23.05B,0,1.814B,2011-03,881.00M,0,0,1.453B,4.205B,0,1.383B,1.771B,1.377B,497.00M,2.245B,355.00M,26.15B,34.42B,0,9.606B,3.465B,8.268B,24.82B,4.803B,431.00M,411.00M,935.00M
