Ticker,Date,Accrued Comprehensive Inc,Cash and Short Term Investments,Cost of Goods Sold,Current Debt & Capital Lease Obligation,Current Deferred Liabilities,EPS Basic,EPS Diluted,Goodwill and Intangibles,Gross PP&E,Gross Profit,Income (Quarterly),Inventories,Net Income,Net Non-Operating Interest Income Expense,Net Operating Interest Income,Net PP&E,Non-Current Deferred Liabilities,Non-Current Portion of LTD and Capital Lease Obligation,Operating Income,Payables and Accrued Expenses,Pre-Tax Income,Provision for Income Taxes,Revenue,SG&A Expense,Shareholders Equity,Total Assets,Total Capital Stock,Total Current Assets,Total Current Liabilities,Total Liabilities,Total Long Term Assets,Total Long Term Liabilities,Total Operating Expenses,Total Payables,Total Receivables
VFC,2020-12,-995.96M,3.854B,1.345B,300.75M,8.779M,0.89,0.88,3.056B,2.432B,1.627B,2020-12,1.076B,347.24M,-31.78M,-31.78M,2.432B,265.88M,6.998B,412.00M,2.077B,386.71M,59.05M,2.972B,1.215B,3.138B,13.74B,97.75M,7.285B,2.498B,10.61B,6.459B,8.108B,1.215B,412.32M,1.412B
VFC,2020-09,-959.66M,2.677B,1.282B,14.36M,5.485M,0.66,0.66,3.025B,2.319B,1.326B,2020-09,1.435B,256.72M,-30.93M,-30.93M,2.319B,341.74M,6.809B,319.95M,1.956B,293.66M,50.42M,2.608B,1.006B,2.945B,12.94B,97.49M,6.680B,2.085B,9.996B,6.261B,7.911B,1.006B,450.11M,1.606B
VFC,2020-06,-897.54M,2.845B,506.95M,20.28M,0,-0.73,-0.73,3.018B,2.312B,569.34M,2020-06,1.403B,-285.61M,-27.95M,-27.95M,2.312B,0,6.714B,-246.81M,1.604B,-312.94M,-35.20M,1.076B,816.15M,2.913B,12.48B,97.41M,6.261B,1.715B,9.566B,6.218B,7.851B,816.15M,348.93M,934.98M
VFC,2020-03,-930.96M,1.369B,986.27M,1.582B,0,-1.24,-1.24,3.214B,3.198B,1.116B,2020-03,1.294B,-483.78M,-22.87M,-22.87M,2.228B,0,3.629B,66.46M,1.098B,-389.69M,93.40M,2.102B,1.050B,3.357B,11.13B,97.20M,5.027B,3.024B,7.776B,6.106B,4.752B,1.050B,603.76M,1.308B
VFC,2019-12,-895.37M,583.95M,1.352B,60.68M,0,1.17,1.16,3.488B,2.207B,1.804B,2019-12,1.565B,465.00M,-17.34M,-17.34M,2.207B,0,3.163B,540.04M,1.901B,500.56M,78.98M,3.156B,1.264B,4.568B,10.81B,98.63M,4.156B,1.962B,6.247B,6.659B,4.285B,1.264B,456.99M,1.642B
VFC,2019-09,-930.72M,507.60M,1.456B,489.31M,0,1.63,1.61,3.449B,2.136B,1.723B,2019-09,1.891B,649.00M,-16.39M,-16.39M,2.136B,0,3.119B,548.56M,1.915B,530.40M,-94.97M,3.180B,1.175B,4.648B,11.27B,99.72M,4.775B,2.404B,6.623B,6.495B,4.218B,1.175B,550.70M,1.976B
VFC,2019-06,-867.39M,606.08M,896.28M,72.73M,0,0.12,0.12,3.525B,2.146B,1.154B,2019-06,1.665B,49.22M,-15.58M,-15.58M,2.146B,0,3.170B,95.96M,1.874B,85.94M,20.66M,2.051B,1.058B,4.152B,10.40B,99.48M,3.991B,1.947B,6.250B,6.411B,4.303B,1.058B,588.42M,1.306B
VFC,2019-03,-902.08M,402.23M,-575.72M,664.32M,0,0.33,0.32,3.620B,1.835B,206.92M,2019-03,1.173B,128.80M,-19.49M,-19.49M,876.09M,0,2.116B,-291.27M,1.275B,-313.40M,-53.63M,-368.80M,498.19M,4.299B,10.36B,99.21M,4.673B,2.662B,6.058B,5.683B,3.397B,498.19M,689.44M,1.373B
VFC,2018-12,-886.56M,535.31M,1.896B,683.47M,0,1.17,1.16,3.812B,0,2.044B,2018-12,1.866B,463.51M,-23.85M,-23.85M,1.042B,0,2.135B,591.90M,1.880B,566.28M,103.16M,3.940B,1.452B,4.301B,10.28B,98.87M,4.612B,2.563B,5.984B,5.672B,3.421B,1.452B,645.68M,1.774B
VFC,2018-09,-862.92M,352.78M,1.951B,1.576B,0,1.28,1.26,3.847B,0,1.957B,2018-09,2.248B,507.12M,-25.51M,-25.51M,1.036B,0,2.151B,658.67M,1.921B,599.10M,91.98M,3.907B,1.298B,4.180B,11.13B,99.29M,5.418B,3.509B,6.951B,5.712B,3.442B,1.298B,732.45M,2.196B
VFC,2018-06,-882.08M,467.92M,1.385B,1.323B,38.88M,0.41,0.4,4.000B,2.490B,1.403B,2018-06,1.994B,160.36M,-23.88M,-23.88M,1.018B,345.01M,2.157B,230.88M,1.672B,186.33M,26.38M,2.788B,1.172B,3.731B,10.19B,98.88M,4.330B,2.996B,6.461B,5.862B,3.465B,1.172B,675.58M,1.429B
VFC,2018-03,-864.03M,680.76M,1.506B,1.531B,34.50M,0.64,0.63,3.813B,2.234B,1.539B,2018-03,1.861B,252.79M,-21.16M,-21.16M,1.012B,421.96M,2.213B,311.36M,1.521B,294.13M,32.97M,3.045B,1.228B,3.688B,10.31B,98.58M,4.683B,3.139B,6.623B,5.628B,3.484B,1.228B,583.00M,1.409B
VFC,2017-12,-926.14M,563.48M,-376.20M,735.55M,0,-0.23,-0.23,4.015B,2.417B,320.80M,2017-12,1.707B,-90.27M,-25.64M,-25.64M,1.015B,0,2.188B,-164.72M,1.504B,-90.18M,358.06M,-55.39M,485.53M,3.720B,9.959B,98.96M,4.378B,2.744B,6.239B,5.581B,3.495B,485.53M,1.052B,1.430B
VFC,2017-09,-914.90M,1.546B,1.752B,2.239B,0,0.98,0.97,3.579B,2.380B,1.757B,2017-09,1.910B,386.14M,-22.54M,-22.54M,921.22M,0,2.144B,588.60M,1.582B,461.08M,74.32M,3.509B,1.168B,3.937B,10.87B,98.63M,5.627B,3.821B,6.938B,5.247B,3.116B,1.168B,554.11M,1.851B
VFC,2017-06,-930.60M,672.54M,1.187B,1.175B,0,0.28,0.27,3.632B,2.457B,1.173B,2017-06,1.713B,109.89M,-20.61M,-20.61M,918.98M,0,2.112B,168.02M,1.256B,145.76M,30.90M,2.360B,1.005B,3.644B,9.174B,98.33M,3.898B,2.431B,5.529B,5.276B,3.098B,1.005B,502.91M,1.156B
VFC,2017-03,-988.04M,604.44M,1.287B,542.41M,0,0.52,0.52,3.529B,0,1.295B,2017-03,1.645B,209.16M,-20.19M,-20.19M,914.24M,0,2.051B,291.47M,1.272B,271.22M,56.54M,2.582B,1.004B,4.373B,9.246B,101.74M,4.092B,1.836B,4.873B,5.154B,3.037B,1.004B,438.30M,1.253B
VFC,2016-12,-1.041B,1.228B,1.361B,279.72M,0,0.64,0.63,3.283B,0,1.383B,2016-12,1.425B,264.33M,-21.56M,-21.56M,895.96M,0,2.039B,420.64M,1.216B,232.54M,17.33M,2.744B,962.01M,4.941B,9.739B,103.50M,4.293B,1.785B,4.798B,5.446B,3.013B,962.01M,817.18M,1.149B
VFC,2016-09,-998.02M,737.82M,1.693B,741.30M,0,1.17,1.16,3.769B,0,1.635B,2016-09,2.000B,498.49M,-22.57M,-22.57M,949.31M,0,2.347B,608.25M,1.436B,584.58M,99.36M,3.328B,1.026B,4.873B,10.44B,103.42M,4.819B,2.177B,5.570B,5.624B,3.393B,1.026B,565.74M,1.785B
VFC,2016-06,-1.001B,676.26M,1.185B,1.408B,0,0.12,0.12,3.763B,0,1.135B,2016-06,1.776B,51.02M,-21.39M,-21.39M,942.04M,0,1.401B,194.42M,1.226B,174.53M,38.04M,2.320B,940.80M,4.648B,9.674B,103.84M,4.068B,2.661B,5.026B,5.606B,2.365B,940.80M,502.85M,1.165B
VFC,2016-03,-950.28M,585.84M,1.351B,1.141B,0,0.57,0.56,3.975B,0,1.284B,2016-03,1.763B,260.27M,-20.02M,-20.02M,986.16M,0,1.401B,311.80M,1.389B,293.07M,51.13M,2.634B,971.92M,4.894B,9.832B,104.25M,3.973B,2.529B,4.938B,5.859B,2.409B,971.92M,429.69M,1.293B
VFC,2015-12,-1.043B,944.42M,1.090B,452.94M,29.49M,0.73,0.72,3.915B,2.311B,1.200B,2015-12,1.555B,312.21M,-20.38M,-20.38M,945.49M,549.60M,1.402B,394.94M,1.230B,375.36M,66.91M,2.290B,804.65M,5.385B,9.640B,106.65M,4.163B,1.942B,4.255B,5.476B,2.313B,804.65M,863.44M,1.290B
VFC,2015-09,-898.78M,566.60M,1.844B,1.299B,31.77M,1.08,1.06,4.109B,2.378B,1.685B,2015-09,2.038B,459.86M,-20.66M,-20.66M,981.56M,583.86M,1.411B,639.56M,1.485B,617.63M,159.99M,3.530B,1.046B,5.361B,10.65B,106.56M,4.936B,2.784B,5.291B,5.716B,2.507B,1.046B,580.37M,1.871B
VFC,2015-06,-913.63M,659.77M,1.261B,1.172B,40.98M,0.4,0.4,4.093B,2.344B,1.166B,2015-06,1.746B,170.81M,-20.96M,-20.96M,964.37M,783.20M,1.412B,218.98M,1.284B,198.69M,30.84M,2.427B,947.07M,4.964B,9.906B,106.31M,4.206B,2.456B,4.942B,5.699B,2.486B,947.07M,503.75M,1.200B
VFC,2015-03,-902.39M,655.48M,1.447B,1.071B,0,0.68,0.67,4.087B,2.256B,1.391B,2015-03,1.624B,288.71M,-19.75M,-19.75M,911.48M,0,1.423B,397.84M,1.207B,378.91M,90.20M,2.837B,992.92M,4.904B,9.733B,106.24M,4.082B,2.278B,4.829B,5.651B,2.550B,992.92M,457.74M,1.283B
VFC,2014-12,-702.27M,971.90M,1.648B,25.80M,0,0.28,0.28,4.429B,2.269B,1.530B,2014-12,1.483B,122.10M,-19.36M,-19.36M,942.18M,0,1.414B,542.23M,1.310B,521.53M,119.19M,3.178B,987.88M,5.631B,9.845B,108.22M,4.032B,1.614B,4.214B,5.814B,2.600B,987.88M,931.32M,1.276B
VFC,2014-09,-418.24M,496.50M,1.819B,659.21M,0,1.09,1.08,4.776B,2.281B,1.702B,2014-09,1.822B,470.53M,-20.70M,-20.70M,940.19M,0,1.424B,633.08M,1.607B,610.77M,140.24M,3.520B,1.069B,5.862B,10.82B,107.91M,4.524B,2.266B,4.954B,6.292B,2.687B,1.069B,674.95M,1.765B
VFC,2014-06,-232.21M,475.89M,1.239B,585.45M,0,0.37,0.36,4.940B,2.237B,1.163B,2014-06,1.615B,157.68M,-19.82M,-19.82M,921.97M,0,1.425B,219.81M,1.285B,199.48M,41.80M,2.402B,942.92M,5.653B,10.22B,107.72M,3.780B,1.870B,4.562B,6.435B,2.692B,942.92M,537.19M,1.179B
VFC,2014-03,-209.49M,321.67M,1.407B,266.25M,0,0.68,0.67,4.969B,2.197B,1.374B,2014-03,1.512B,297.19M,-19.31M,-19.31M,921.97M,0,1.426B,403.19M,1.275B,381.79M,84.60M,2.781B,971.02M,5.755B,9.985B,108.29M,3.535B,1.542B,4.230B,6.451B,2.689B,971.02M,467.58M,1.310B
VFC,2013-12,-211.72M,776.40M,1.705B,23.98M,0,0.84,0.82,5.103B,2.170B,1.585B,2013-12,1.399B,367.67M,-19.41M,-19.41M,932.79M,0,1.427B,508.38M,1.271B,486.67M,119.00M,3.290B,1.077B,6.077B,10.32B,110.08M,3.883B,1.568B,4.238B,6.432B,2.670B,1.077B,864.84M,1.360B
VFC,2013-09,-365.97M,315.66M,1.728B,471.30M,0,0.99,0.97,4.954B,2.132B,1.569B,2013-09,1.752B,433.76M,-19.99M,-19.99M,904.81M,0,1.427B,579.70M,1.583B,558.47M,124.70M,3.297B,989.42M,5.629B,10.45B,109.80M,4.094B,2.055B,4.823B,6.358B,2.769B,989.42M,659.14M,1.663B
VFC,2013-06,-440.87M,320.11M,1.143B,449.30M,34.82M,0.32,0.31,4.890B,2.088B,1.077B,2013-06,1.523B,138.27M,-20.72M,-20.72M,883.20M,639.50M,1.428B,201.33M,1.195B,179.10M,40.83M,2.220B,875.72M,5.184B,9.550B,109.71M,3.298B,1.644B,4.366B,6.252B,2.721B,875.72M,555.72M,1.061B
VFC,2013-03,-423.14M,300.44M,1.355B,585.12M,35.35M,0.61,0.6,4.898B,2.049B,1.257B,2013-03,1.409B,270.42M,-20.52M,-20.52M,866.25M,691.74M,1.428B,357.73M,1.120B,338.25M,67.83M,2.612B,898.86M,5.089B,9.491B,109.26M,3.260B,1.705B,4.402B,6.232B,2.697B,898.86M,432.92M,1.209B
VFC,2012-12,-453.90M,597.46M,1.596B,415.43M,0,0.76,0.745,4.998B,1.983B,1.438B,2012-12,1.354B,334.17M,-22.33M,-22.33M,828.22M,0,1.429B,450.29M,1.067B,429.94M,95.78M,3.033B,987.46M,5.126B,9.633B,110.20M,3.450B,1.732B,4.507B,6.183B,2.775B,987.46M,717.51M,1.222B
VFC,2012-09,-386.85M,304.60M,1.678B,1.144B,0,0.87,0.855,4.926B,1.926B,1.470B,2012-09,1.759B,381.32M,-23.21M,-23.21M,775.48M,0,1.430B,536.89M,1.292B,515.25M,133.93M,3.148B,933.37M,4.927B,10.13B,109.94M,3.999B,2.436B,5.205B,6.133B,2.769B,933.37M,535.37M,1.613B
VFC,2012-06,-416.39M,330.51M,1.155B,684.64M,0,0.355,0.35,4.925B,1.853B,986.37M,2012-06,1.570B,155.30M,-22.40M,-22.40M,735.83M,0,1.830B,163.98M,1.083B,183.14M,27.71M,2.142B,822.39M,4.524B,9.426B,109.44M,3.340B,1.768B,4.902B,6.086B,3.134B,822.39M,506.74M,1.034B
VFC,2012-03,-376.98M,325.65M,1.389B,683.29M,0,0.4875,0.4775,4.975B,1.854B,1.168B,2012-03,1.516B,215.22M,-22.31M,-22.31M,729.08M,0,1.831B,314.10M,1.221B,293.54M,78.31M,2.556B,853.49M,4.452B,9.503B,109.30M,3.363B,1.904B,5.052B,6.140B,3.147B,853.49M,537.53M,1.206B
VFC,2011-12,-421.48M,341.23M,1.595B,284.43M,0,0.5825,0.57,5.032B,1.830B,1.315B,2011-12,1.454B,257.32M,-24.07M,-24.07M,737.45M,0,1.832B,351.36M,1.132B,331.18M,73.18M,2.910B,963.71M,4.526B,9.313B,110.56M,3.188B,1.666B,4.788B,6.125B,3.122B,963.71M,749.29M,1.120B
VFC,2011-09,-279.97M,337.39M,1.505B,1.149B,0,0.685,0.6725,5.056B,1.788B,1.245B,2011-09,1.778B,300.70M,-19.30M,-19.30M,704.94M,0,1.832B,430.12M,1.516B,404.34M,102.93M,2.750B,814.97M,4.459B,10.12B,110.08M,3.942B,2.665B,5.659B,6.177B,2.995B,814.97M,666.84M,1.548B
VFC,2011-06,-179.78M,611.48M,994.59M,45.26M,0,0.2975,0.2925,2.750B,1.713B,845.53M,2011-06,1.286B,129.37M,-14.45M,-14.45M,626.27M,0,934.60M,188.67M,968.65M,171.48M,41.92M,1.840B,656.86M,4.269B,6.800B,109.60M,3.046B,1.014B,2.530B,3.755B,1.516B,656.86M,456.11M,889.20M
VFC,2011-03,-202.20M,672.96M,1.034B,42.77M,0,0.4625,0.455,2.744B,1.701B,924.94M,2011-03,1.183B,200.70M,-14.97M,-14.97M,615.37M,0,935.24M,274.64M,994.07M,257.74M,56.32M,1.959B,650.30M,4.126B,6.693B,109.01M,2.950B,1.037B,2.567B,3.743B,1.530B,650.30M,429.54M,892.29M
