Ticker,Date,Accrued Comprehensive Inc,Cash and Short Term Investments,Cost of Goods Sold,Current Debt & Capital Lease Obligation,Current Deferred Liabilities,EPS Basic,EPS Diluted,Goodwill and Intangibles,Gross PP&E,Gross Profit,Income (Quarterly),Inventories,Net Income,Net Non-Operating Interest Income Expense,Net Operating Interest Income,Net PP&E,Non-Current Deferred Liabilities,Non-Current Portion of LTD and Capital Lease Obligation,Operating Income,Payables and Accrued Expenses,Pre-Tax Income,Provision for Income Taxes,Revenue,SG&A Expense,Shareholders Equity,Total Assets,Total Capital Stock,Total Current Assets,Total Current Liabilities,Total Liabilities,Total Long Term Assets,Total Long Term Liabilities,Total Operating Expenses,Total Payables,Total Receivables
VLO,2021-03,-1.254B,2.254B,21.23B,1.008B,56.00M,-1.73,-1.73,508.00M,48.17B,-420.00M,2021-03,5.881B,-704.00M,-149.00M,-149.00M,31.59B,5.275B,14.84B,-666.00M,7.956B,-770.00M,-148.00M,20.81B,208.00M,17.80B,51.77B,7.00M,17.59B,12.31B,32.13B,35.93B,22.85B,246.00M,7.566B,6.109B
VLO,2020-12,-1.571B,3.313B,16.84B,636.00M,55.00M,-0.88,-0.88,543.00M,46.86B,-241.00M,2020-12,6.038B,-359.00M,-153.00M,-153.00M,30.73B,5.297B,14.58B,-470.00M,7.486B,-598.00M,-289.00M,16.60B,224.00M,18.80B,51.73B,7.00M,15.84B,9.283B,31.72B,36.31B,23.59B,229.00M,6.56B,5.601B
VLO,2020-09,-1.799B,4.047B,16.22B,587.00M,31.00M,-1.14,-1.14,567.00M,46.34B,-410.00M,2020-09,5.357B,-464.00M,-143.00M,-143.00M,30.65B,5.305B,12.09B,-621.00M,6.713B,-716.00M,-337.00M,15.81B,186.00M,19.22B,49.10B,7.00M,15.42B,8.122B,28.46B,36.34B,21.16B,211.00M,5.852B,4.152B
VLO,2020-06,-1.937B,2.319B,8.436B,886.00M,0,3.07,3.07,0,45.79B,1.961B,2020-06,5.42B,1.253B,-142.00M,-142.00M,30.53B,4.909B,10.57B,1.789B,7.846B,1.674B,339.00M,10.40B,169.00M,19.85B,47.75B,7.00M,12.76B,7.30B,28.06B,36.28B,19.33B,172.00M,6.98B,5.392B
VLO,2020-03,-1.351B,1.515B,24.20B,825.00M,0,-4.54,-4.54,0,45.62B,-2.098B,2020-03,3.675B,-1.851B,-125.00M,-125.00M,30.59B,5.103B,10.14B,-2.277B,12.18B,-2.37B,-616.00M,22.10B,177.00M,18.84B,53.86B,7.00M,11.46B,8.732B,31.33B,34.90B,18.17B,179.00M,11.72B,8.988B
VLO,2019-12,-1.529B,2.583B,25.89B,402.00M,0,2.58,2.58,0,43.54B,1.989B,2019-12,7.013B,1.06B,-119.00M,-119.00M,28.89B,4.92B,9.17B,1.739B,11.73B,1.656B,326.00M,27.88B,243.00M,21.80B,51.23B,7.00M,18.97B,13.16B,29.64B,34.20B,17.51B,250.00M,10.85B,7.994B
VLO,2019-09,-1.35B,2.137B,26.14B,323.00M,0,1.48,1.48,0,43.11B,1.108B,2019-09,6.376B,609.00M,-111.00M,-111.00M,28.78B,4.899B,9.167B,881.00M,12.22B,804.00M,165.00M,27.25B,217.00M,21.11B,52.02B,7.00M,17.03B,12.13B,30.18B,34.21B,17.64B,227.00M,11.46B,9.05B
VLO,2019-06,-1.352B,2.033B,27.82B,1.11B,0,1.47,1.47,0,42.39B,1.109B,2019-06,6.281B,612.00M,-112.00M,-112.00M,28.41B,4.867B,9.006B,908.00M,11.80B,808.00M,160.00M,28.93B,199.00M,21.34B,52.10B,7.00M,17.81B,12.55B,30.32B,33.62B,17.40B,201.00M,11.03B,8.289B
VLO,2019-03,-1.507B,2.777B,23.74B,238.00M,0,0.34,0.34,0,42.47B,519.00M,2019-03,6.554B,141.00M,-112.00M,-112.00M,28.85B,4.962B,8.871B,308.00M,10.35B,218.00M,51.00M,24.26B,209.00M,21.31B,50.16B,7.00M,18.48B,12.91B,27.42B,32.48B,16.70B,211.00M,9.856B,7.345B
VLO,2018-12,0,2.982B,27.20B,0,0,2.26,2.24,0,0,1.533B,2018-12,6.532B,952.00M,-114.00M,-114.00M,0,0,0,1.299B,0,1.227B,205.00M,28.73B,230.00M,21.67B,0,0,17.68B,10.72B,0,0,0,234.00M,0,0
VLO,2018-09,-1.235B,3.551B,29.41B,199.00M,0,2.01,2.01,142.00M,41.84B,1.438B,2018-09,7.501B,856.00M,-111.00M,-111.00M,28.43B,4.725B,8.877B,1.219B,12.28B,1.15B,276.00M,30.85B,209.00M,21.91B,51.89B,7.00M,19.89B,12.48B,28.93B,32.00B,16.45B,219.00M,11.73B,8.249B
VLO,2018-06,-1.262B,4.451B,29.49B,183.00M,0,1.96,1.96,148.00M,41.27B,1.522B,2018-06,6.42B,845.00M,-124.00M,-124.00M,28.18B,4.76B,8.876B,1.253B,11.16B,1.124B,249.00M,31.02B,248.00M,21.77B,50.68B,7.00M,18.95B,11.34B,27.87B,31.73B,16.53B,269.00M,10.52B,7.535B
VLO,2018-03,-983.00M,4.658B,25.39B,871.00M,0,1.09,1.09,0,40.54B,1.049B,2018-03,6.555B,469.00M,-121.00M,-121.00M,27.73B,4.711B,8.086B,801.00M,9.881B,731.00M,149.00M,26.44B,238.00M,21.88B,49.38B,7.00M,18.26B,10.75B,26.45B,31.12B,15.70B,248.00M,9.291B,6.814B
VLO,2017-12,-940.00M,5.85B,25.30B,122.00M,0,5.43,5.42,0,40.01B,1.097B,2017-12,6.384B,2.371B,-114.00M,-114.00M,27.48B,4.708B,8.75B,843.00M,10.73B,765.00M,-1.635B,26.39B,237.00M,21.99B,50.16B,7.00M,19.31B,11.07B,27.26B,30.85B,16.19B,254.00M,10.24B,6.922B
VLO,2017-09,-893.00M,5.176B,21.96B,121.00M,0,1.91,1.91,0,39.53B,1.601B,2017-09,6.137B,841.00M,-114.00M,-114.00M,27.27B,7.362B,8.364B,1.332B,9.009B,1.241B,378.00M,23.56B,225.00M,20.37B,47.99B,7.00M,17.44B,9.13B,26.76B,30.55B,17.63B,269.00M,8.192B,5.959B
VLO,2017-06,-1.123B,5.207B,21.22B,121.00M,0,1.23,1.23,0,38.98B,1.035B,2017-06,5.674B,548.00M,-119.00M,-119.00M,27.05B,7.254B,8.366B,860.00M,7.562B,768.00M,196.00M,22.25B,175.00M,19.92B,45.97B,7.00M,15.73B,7.683B,25.21B,30.24B,17.53B,175.00M,6.607B,4.573B
VLO,2017-03,-1.334B,4.463B,21.05B,120.00M,0,0.68,0.68,0,38.57B,720.00M,2017-03,6.025B,305.00M,-121.00M,-121.00M,26.99B,7.196B,8.369B,528.00M,7.779B,433.00M,112.00M,21.77B,192.00M,19.82B,46.05B,7.00M,15.91B,7.899B,25.40B,30.14B,17.50B,192.00M,7.072B,5.104B
VLO,2016-12,-1.41B,4.816B,19.93B,115.00M,0,0.81,0.81,0,37.73B,784.00M,2016-12,5.709B,367.00M,-112.00M,-112.00M,26.47B,7.361B,7.886B,582.00M,7.938B,529.00M,113.00M,20.71B,202.00M,20.02B,46.17B,7.00M,16.80B,8.328B,25.32B,29.37B,16.99B,202.00M,7.519B,5.901B
VLO,2016-09,-1.12B,5.949B,18.56B,1.064B,0,1.33,1.33,0,37.56B,1.084B,2016-09,5.979B,613.00M,-115.00M,-115.00M,26.52B,7.369B,7.888B,892.00M,7.16B,789.00M,144.00M,19.65B,192.00M,20.34B,46.26B,7.00M,16.88B,8.224B,25.14B,29.39B,16.91B,192.00M,6.532B,4.722B
VLO,2016-06,-1.002B,4.925B,18.14B,864.00M,0,1.74,1.73,0,37.36B,1.446B,2016-06,6.137B,814.00M,-111.00M,-111.00M,26.59B,7.279B,6.646B,1.287B,7.788B,1.134B,291.00M,19.58B,159.00M,20.58B,45.45B,7.00M,16.18B,8.652B,24.05B,29.27B,15.40B,159.00M,7.349B,4.928B
VLO,2016-03,-802.00M,3.778B,14.73B,128.00M,387.00M,1.05,1.05,156.00M,37.28B,985.00M,2016-03,6.056B,495.00M,-108.00M,-108.00M,26.74B,7.192B,7.207B,829.00M,6.647B,730.00M,217.00M,15.71B,156.00M,20.66B,44.26B,7.00M,14.86B,6.775B,22.76B,29.40B,15.99B,156.00M,6.231B,4.692B
VLO,2015-12,-933.00M,4.114B,17.92B,127.00M,315.00M,0.62,0.62,154.00M,36.91B,852.00M,2015-12,5.898B,298.00M,-107.00M,-107.00M,26.70B,7.06B,7.208B,646.00M,6.792B,550.00M,155.00M,18.78B,206.00M,20.53B,44.23B,7.00M,14.90B,6.994B,22.87B,29.33B,15.88B,206.00M,6.313B,4.682B
VLO,2015-09,-795.00M,5.301B,20.26B,129.00M,314.00M,2.79,2.79,0,36.64B,2.318B,2015-09,6.557B,1.377B,-112.00M,-112.00M,26.69B,6.656B,7.252B,2.139B,7.773B,2.03B,657.00M,22.58B,179.00M,21.32B,45.82B,7.00M,16.83B,8.289B,23.96B,29.00B,15.67B,179.00M,7.178B,4.698B
VLO,2015-06,-529.00M,5.764B,21.82B,150.00M,376.00M,2.67,2.66,0,36.44B,3.299B,2015-06,6.618B,1.351B,-113.00M,-113.00M,26.73B,6.64B,7.199B,2.078B,9.40B,1.973B,608.00M,25.12B,178.00M,21.45B,47.60B,7.00M,18.49B,9.865B,25.59B,29.11B,15.73B,1.221B,8.871B,5.812B
VLO,2015-03,-730.00M,4.87B,18.60B,200.00M,368.00M,1.87,1.87,0,36.02B,2.726B,2015-03,6.666B,964.00M,-101.00M,-101.00M,26.60B,6.624B,7.224B,1.495B,8.12B,1.418B,450.00M,21.33B,147.00M,20.77B,45.74B,7.00M,16.79B,8.634B,24.40B,28.95B,15.76B,1.231B,7.608B,4.977B
VLO,2014-12,-367.00M,3.689B,25.85B,606.00M,276.00M,2.22,2.22,0,35.93B,2.01B,2014-12,6.623B,1.155B,-101.00M,-101.00M,26.74B,6.607B,5.78B,1.796B,8.904B,1.704B,484.00M,27.86B,214.00M,20.68B,45.55B,7.00M,16.61B,9.98B,24.31B,28.94B,14.33B,214.00M,8.402B,5.976B
VLO,2014-09,149.00M,4.191B,32.56B,600.00M,311.00M,2.01,2,0,35.43B,1.85B,2014-09,6.86B,1.059B,-98.00M,-98.00M,26.45B,6.601B,5.783B,1.67B,12.49B,1.583B,521.00M,34.41B,180.00M,20.55B,48.46B,7.00M,19.67B,13.46B,27.39B,28.79B,13.93B,180.00M,11.86B,8.254B
VLO,2014-06,426.00M,3.48B,33.66B,601.00M,249.00M,1.11,1.1,0,34.87B,1.255B,2014-06,6.526B,588.00M,-98.00M,-98.00M,26.12B,6.659B,5.784B,1.085B,11.65B,999.00M,343.00M,34.91B,170.00M,20.21B,47.01B,7.00M,18.45B,12.52B,26.29B,28.56B,13.77B,170.00M,11.06B,8.045B
VLO,2014-03,277.00M,3.647B,32.15B,704.00M,0,1.55,1.54,0,34.24B,1.511B,2014-03,7.106B,828.00M,-100.00M,-100.00M,25.77B,6.615B,5.86B,1.351B,11.91B,1.266B,429.00M,33.66B,160.00M,19.92B,47.10B,7.00M,19.03B,12.93B,26.69B,28.07B,13.76B,160.00M,11.42B,7.887B
VLO,2013-12,350.00M,4.292B,32.69B,303.00M,0,2.39,2.38,0,33.93B,1.741B,2013-12,5.758B,1.288B,-102.00M,-102.00M,25.71B,6.601B,6.261B,1.562B,12.50B,1.802B,515.00M,34.43B,179.00M,19.46B,47.26B,7.00M,19.28B,13.12B,27.31B,27.98B,14.19B,179.00M,12.05B,8.823B
VLO,2013-09,83.00M,1.908B,35.44B,303.00M,386.00M,0.58,0.57,160.00M,33.65B,702.00M,2013-09,7.063B,312.00M,-102.00M,-102.00M,25.64B,6.312B,6.261B,532.00M,12.98B,447.00M,123.00M,36.14B,170.00M,18.27B,46.29B,7.00M,18.59B,13.67B,27.91B,27.70B,14.24B,170.00M,12.38B,9.234B
VLO,2013-06,-99.00M,2.398B,33.00B,303.00M,397.00M,0.86,0.85,159.00M,33.09B,1.038B,2013-06,6.446B,466.00M,-78.00M,-78.00M,25.39B,6.159B,6.261B,805.00M,11.34B,738.00M,276.00M,34.03B,233.00M,17.92B,44.18B,7.00M,16.77B,12.04B,26.15B,27.41B,14.12B,233.00M,10.83B,7.542B
VLO,2013-03,121.00M,1.857B,32.24B,406.00M,388.00M,1.18,1.18,203.00M,34.47B,1.237B,2013-03,6.937B,654.00M,-83.00M,-83.00M,26.40B,6.131B,6.463B,1.061B,11.91B,992.00M,340.00M,33.47B,176.00M,18.34B,45.50B,7.00M,17.21B,12.70B,27.08B,28.30B,14.38B,176.00M,11.15B,7.748B
VLO,2012-12,108.00M,1.723B,31.90B,586.00M,378.00M,1.83,1.82,213.00M,34.13B,1.937B,2012-12,5.973B,1.01B,-71.00M,-71.00M,26.30B,5.86B,6.463B,1.748B,10.89B,2.558B,515.00M,33.84B,189.00M,18.03B,44.48B,7.00M,16.46B,11.93B,26.38B,28.02B,14.45B,189.00M,10.38B,8.336B
VLO,2012-09,252.00M,2.549B,32.90B,585.00M,185.00M,1.22,1.21,216.00M,33.45B,1.828B,2012-09,5.787B,674.00M,-70.00M,-70.00M,25.87B,5.758B,6.463B,1.654B,11.48B,1.237B,564.00M,34.73B,174.00M,17.33B,43.79B,7.00M,16.27B,12.25B,26.41B,27.52B,14.16B,174.00M,10.87B,7.491B
VLO,2012-06,119.00M,1.295B,33.13B,582.00M,296.00M,1.5,1.5,218.00M,32.83B,1.532B,2012-06,5.443B,831.00M,-74.00M,-74.00M,25.52B,5.411B,6.46B,1.361B,9.92B,1.282B,452.00M,34.66B,171.00M,16.58B,41.19B,7.00M,14.03B,10.80B,24.56B,27.16B,13.77B,171.00M,9.393B,6.911B
VLO,2012-03,221.00M,1.559B,34.64B,1.143B,189.00M,-0.78,-0.78,227.00M,32.25B,531.00M,2012-03,6.145B,-432.00M,-99.00M,-99.00M,25.16B,5.21B,6.46B,367.00M,11.74B,-337.00M,95.00M,35.17B,164.00M,15.96B,42.63B,7.00M,15.82B,13.08B,26.64B,26.81B,13.57B,164.00M,11.26B,7.644B
VLO,2011-12,96.00M,1.024B,35.52B,1.009B,249.00M,0.08,0.08,227.00M,32.25B,-845.00M,2011-12,5.623B,45.00M,-89.00M,-89.00M,25.18B,5.017B,6.732B,167.00M,11.34B,93.00M,48.00M,34.67B,129.00M,16.42B,42.78B,7.00M,15.97B,12.71B,26.34B,26.81B,13.63B,-1.012B,10.86B,8.918B
VLO,2011-09,232.00M,2.829B,31.18B,867.00M,322.00M,2.12,2.11,251.00M,31.07B,2.53B,2011-09,5.164B,1.203B,-88.00M,-88.00M,24.22B,4.942B,6.781B,1.979B,10.49B,1.892B,689.00M,33.71B,161.00M,16.65B,41.68B,7.00M,15.87B,11.68B,25.01B,25.81B,13.33B,551.00M,9.709B,7.514B
VLO,2011-06,498.00M,4.107B,29.47B,861.00M,254.00M,1.31,1.3,222.00M,29.87B,1.827B,2011-06,3.988B,744.00M,-107.00M,-107.00M,23.21B,4.801B,6.762B,1.29B,9.116B,1.193B,449.00M,31.29B,151.00M,15.98B,39.53B,7.00M,14.69B,10.23B,23.53B,24.84B,13.30B,537.00M,8.351B,6.145B
