Ticker,Date,Accrued Comprehensive Inc,Cash and Short Term Investments,Cost of Goods Sold,Current Debt & Capital Lease Obligation,Current Deferred Liabilities,EPS Basic,EPS Diluted,Goodwill and Intangibles,Gross PP&E,Gross Profit,Income (Quarterly),Net Income,Net Non-Operating Interest Income Expense,Net Operating Interest Income,Net PP&E,Non-Current Deferred Liabilities,Non-Current Portion of LTD and Capital Lease Obligation,Operating Income,Payables and Accrued Expenses,Pre-Tax Income,Provision for Income Taxes,Revenue,SG&A Expense,Shareholders Equity,Total Assets,Total Capital Stock,Total Current Assets,Total Current Liabilities,Total Liabilities,Total Long Term Assets,Total Long Term Liabilities,Total Operating Expenses,Total Payables,Total Receivables
VRSK,2020-12,-375.70M,218.80M,260.50M,553.00M,466.70M,1.08,1.07,5.493B,1.737B,452.90M,2020-12,176.20M,-35.30M,-35.30M,899.90M,396.90M,2.971B,270.00M,410.50M,216.00M,39.80M,713.40M,109.10M,2.698B,7.562B,0.10M,794.20M,1.431B,4.864B,6.768B,3.433B,182.90M,103.10M,457.80M
VRSK,2020-09,-540.90M,221.80M,240.00M,499.60M,531.70M,1.14,1.12,5.241B,844.20M,462.70M,2020-09,185.80M,-35.30M,-35.30M,844.20M,369.20M,2.939B,275.40M,378.90M,240.00M,54.20M,702.70M,96.40M,2.421B,7.220B,0.10M,799.70M,1.423B,4.798B,6.420B,3.375B,187.30M,378.90M,459.40M
VRSK,2020-06,-657.20M,309.40M,235.80M,490.90M,617.50M,1.1,1.08,5.008B,802.40M,443.00M,2020-06,179.00M,-34.20M,-34.20M,802.40M,348.20M,2.936B,259.70M,369.80M,224.80M,45.80M,678.80M,96.40M,2.176B,7.008B,0.10M,878.70M,1.490B,4.832B,6.129B,3.342B,183.30M,369.80M,454.50M
VRSK,2020-03,-658.70M,204.40M,257.70M,482.70M,668.40M,1.05,1.04,5.049B,757.90M,432.10M,2020-03,171.70M,-33.50M,-33.50M,757.90M,349.60M,2.851B,252.30M,337.30M,216.70M,45.00M,689.80M,112.10M,2.080B,6.928B,0.10M,814.00M,1.598B,4.848B,6.114B,3.250B,179.80M,337.30M,523.30M
VRSK,2019-12,-486.90M,184.60M,259.80M,540.00M,440.10M,0.81,0.8,5.263B,1.499B,417.00M,2019-12,132.20M,-33.10M,-33.10M,766.70M,356.00M,2.860B,200.40M,381.80M,172.10M,39.90M,676.80M,124.80M,2.261B,7.055B,0.10M,744.90M,1.492B,4.794B,6.310B,3.303B,216.60M,86.80M,467.50M
VRSK,2019-09,-678.40M,311.80M,242.90M,64.30M,460.40M,0.2,0.2,4.508B,808.60M,409.80M,2019-09,32.90M,-31.30M,-31.30M,808.60M,322.20M,2.881B,75.70M,367.60M,38.90M,6.00M,652.70M,255.00M,2.064B,6.289B,0.10M,831.00M,973.60M,4.225B,5.458B,3.252B,334.10M,367.60M,428.80M
VRSK,2019-06,-592.20M,153.30M,242.70M,120.00M,559.90M,0.92,0.9,4.595B,797.10M,409.90M,2019-06,150.40M,-30.50M,-30.50M,797.10M,351.00M,2.668B,218.30M,240.90M,187.30M,36.90M,652.60M,112.30M,2.211B,6.234B,0.10M,710.30M,920.80M,4.023B,5.524B,3.102B,191.60M,240.90M,468.00M
VRSK,2019-03,-532.30M,179.50M,231.40M,217.50M,602.10M,0.82,0.81,4.681B,797.30M,393.60M,2019-03,134.40M,-31.90M,-31.90M,797.30M,354.20M,2.674B,202.40M,238.80M,170.10M,35.70M,625.00M,111.40M,2.170B,6.341B,0.10M,734.90M,1.058B,4.171B,5.606B,3.112B,191.20M,238.80M,444.60M
VRSK,2018-12,-591.90M,139.50M,224.00M,672.80M,383.10M,0.89,0.87,4.589B,1.266B,389.90M,2018-12,146.20M,-32.60M,-32.60M,555.90M,350.60M,2.050B,216.20M,256.10M,179.60M,33.40M,613.90M,97.70M,2.071B,5.900B,0.10M,644.50M,1.325B,3.830B,5.256B,2.505B,173.70M,79.90M,390.40M
VRSK,2018-09,-509.60M,151.60M,219.20M,542.30M,433.20M,1.01,0.99,4.594B,0,379.50M,2018-09,166.00M,-32.40M,-32.40M,518.50M,341.60M,2.045B,211.10M,243.70M,192.80M,26.80M,598.70M,95.70M,2.141B,5.851B,0.10M,593.70M,1.219B,3.710B,5.258B,2.491B,168.40M,243.70M,336.10M
VRSK,2018-06,-474.20M,135.80M,222.40M,736.90M,513.00M,0.93,0.91,4.662B,1.063B,378.90M,2018-06,153.50M,-31.90M,-31.90M,501.90M,349.60M,2.044B,212.30M,216.40M,185.00M,31.50M,601.30M,93.00M,2.074B,6.040B,0.10M,625.10M,1.466B,3.966B,5.414B,2.500B,166.60M,216.40M,370.20M
VRSK,2018-03,-309.30M,153.60M,221.20M,740.90M,586.60M,0.81,0.79,4.811B,865.60M,360.00M,2018-03,133.00M,-32.80M,-32.80M,489.00M,356.50M,2.041B,194.50M,230.60M,162.30M,29.30M,581.20M,91.80M,2.184B,6.247B,0.10M,708.60M,1.558B,4.063B,5.538B,2.504B,165.50M,230.60M,432.20M
VRSK,2017-12,-412.30M,142.30M,208.70M,724.40M,384.70M,1.24,1.22,4.714B,0,361.60M,2017-12,204.60M,-32.10M,-32.10M,478.30M,337.80M,2.284B,210.00M,228.50M,179.20M,-25.40M,570.30M,87.20M,1.925B,6.020B,0.10M,597.60M,1.338B,4.095B,5.423B,2.757B,151.60M,72.00M,374.30M
VRSK,2017-09,-443.30M,145.70M,198.50M,602.90M,390.00M,0.73,0.72,4.445B,0,350.60M,2017-09,120.70M,-30.30M,-30.30M,437.80M,384.10M,2.279B,208.40M,210.20M,180.70M,60.00M,549.10M,80.90M,1.673B,5.628B,0.10M,544.70M,1.203B,3.956B,5.084B,2.752B,142.20M,210.20M,320.10M
VRSK,2017-06,-526.40M,144.30M,193.70M,126.80M,449.00M,0.73,0.72,3.786B,0,329.50M,2017-06,121.00M,-28.50M,-28.50M,403.50M,337.50M,2.277B,195.00M,161.40M,169.90M,48.90M,523.20M,78.80M,1.466B,4.899B,0.10M,522.80M,737.20M,3.433B,4.376B,2.696B,134.50M,161.40M,318.50M
VRSK,2017-03,-616.90M,158.60M,182.90M,6.60M,501.60M,0.65,0.64,3.680B,0,319.70M,2017-03,108.80M,-28.40M,-28.40M,377.80M,329.40M,2.281B,187.70M,164.20M,161.20M,52.40M,502.60M,75.90M,1.386B,4.749B,0.10M,513.80M,672.40M,3.363B,4.235B,2.691B,132.00M,164.20M,302.00M
VRSK,2016-12,-650.80M,138.50M,193.00M,106.80M,330.80M,0.65,0.64,3.589B,0,313.10M,2016-12,109.30M,-28.30M,-28.30M,380.30M,322.20M,2.280B,185.40M,184.00M,160.20M,52.70M,506.10M,77.20M,1.332B,4.631B,0.10M,500.90M,621.60M,3.299B,4.130B,2.677B,127.70M,74.30M,313.20M
VRSK,2016-09,-518.93M,168.24M,169.70M,6.899M,355.46M,0.76,0.74,3.701B,0,328.40M,2016-09,127.60M,-28.10M,-28.10M,355.87M,305.69M,2.279B,198.40M,192.30M,172.40M,44.80M,498.10M,77.80M,1.475B,4.685B,0.137M,464.30M,556.49M,3.210B,4.221B,2.653B,130.00M,192.30M,241.18M
VRSK,2016-06,-457.14M,199.77M,178.40M,2.256M,431.17M,1.56,1.53,3.734B,0,319.90M,2016-06,261.80M,-31.50M,-31.50M,334.63M,314.70M,2.273B,191.20M,179.91M,160.60M,53.80M,498.30M,75.60M,1.450B,4.725B,0.137M,496.92M,615.17M,3.275B,4.228B,2.660B,128.70M,179.91M,247.07M
VRSK,2016-03,-316.78M,135.29M,173.30M,709.14M,486.55M,0.55,0.54,3.895B,0,319.40M,2016-03,92.60M,-32.00M,-32.00M,341.99M,342.17M,2.272B,192.60M,187.59M,160.60M,50.90M,492.70M,71.00M,1.290B,5.459B,0.137M,586.78M,1.417B,4.169B,4.872B,2.752B,126.80M,187.59M,305.87M
VRSK,2015-12,-242.00M,141.90M,160.70M,874.80M,340.90M,0.67,0.66,3.998B,752.30M,316.70M,2015-12,113.78M,-32.47M,-32.47M,350.30M,329.20M,2.271B,186.26M,222.10M,153.56M,45.53M,477.40M,75.61M,1.372B,5.594B,0.10M,604.60M,1.479B,4.222B,4.989B,2.742B,130.44M,93.30M,299.60M
VRSK,2015-09,-179.42M,172.46M,162.87M,905.47M,366.92M,0.78,0.77,4.535B,679.84M,307.53M,2015-09,131.81M,-33.00M,-33.00M,391.62M,401.42M,2.293B,197.15M,266.47M,182.04M,57.86M,470.41M,70.64M,1.314B,5.619B,0.137M,617.76M,1.541B,4.305B,5.001B,2.765B,110.39M,266.47M,311.21M
VRSK,2015-06,-83.87M,149.22M,154.64M,1.026B,436.00M,0.99,0.97,4.713B,542.57M,273.96M,2015-06,163.32M,-37.66M,-37.66M,386.09M,463.56M,2.294B,146.04M,246.36M,193.31M,34.39M,428.60M,82.34M,1.244B,5.776B,0.137M,609.99M,1.710B,4.531B,5.166B,2.821B,127.92M,246.36M,332.56M
VRSK,2015-03,-80.06M,156.70M,133.78M,205.88M,359.53M,0.62,0.61,1.599B,0,250.51M,2015-03,98.69M,-18.26M,-18.26M,303.83M,203.38M,1.100B,173.95M,142.47M,155.19M,58.82M,384.29M,49.71M,331.72M,2.404B,0.137M,453.99M,709.77M,2.073B,1.951B,1.363B,76.56M,142.47M,239.43M
VRSK,2014-12,-80.51M,43.16M,-7.016M,336.06M,252.59M,0.59,0.59,1.614B,0,156.25M,2014-12,97.33M,-17.60M,-17.60M,302.27M,224.93M,1.101B,148.90M,180.73M,131.57M,49.13M,149.24M,16.93M,211.04M,2.345B,0.137M,384.48M,771.27M,2.134B,1.961B,1.363B,7.353M,164.29M,286.18M
VRSK,2014-09,-42.86M,436.22M,180.87M,140.46M,254.16M,0.6,0.58,1.591B,0,267.79M,2014-09,99.02M,-17.50M,-17.50M,281.35M,194.87M,1.136B,175.49M,164.29M,157.71M,58.69M,448.66M,56.16M,725.98M,2.678B,0.137M,705.65M,561.34M,1.952B,1.972B,1.390B,92.30M,157.35M,218.82M
VRSK,2014-06,-42.38M,423.28M,172.47M,139.78M,309.18M,0.53,0.52,1.605B,0,251.08M,2014-06,88.10M,-17.46M,-17.46M,272.88M,194.52M,1.136B,159.07M,157.35M,141.81M,53.71M,423.55M,57.07M,676.28M,2.675B,0.137M,704.56M,608.74M,1.999B,1.971B,1.390B,92.02M,165.06M,206.47M
VRSK,2014-03,-42.82M,431.29M,169.67M,4.317M,343.83M,0.69,0.68,1.619B,0,239.97M,2014-03,115.56M,-17.44M,-17.44M,251.73M,194.30M,1.271B,148.84M,165.06M,131.41M,46.97M,409.64M,57.13M,599.53M,2.640B,0.137M,679.20M,515.64M,2.040B,1.961B,1.525B,91.13M,80.97M,180.95M
VRSK,2013-12,-43.49M,169.71M,170.16M,4.448M,226.58M,0.52,0.51,1.629B,0,246.57M,2013-12,87.22M,-17.65M,-17.65M,233.37M,210.82M,1.271B,155.05M,188.26M,137.80M,51.43M,416.72M,57.68M,547.59M,2.504B,0.137M,474.84M,431.18M,1.957B,2.030B,1.526B,91.52M,171.28M,225.89M
VRSK,2013-09,-86.59M,184.72M,156.31M,39.46M,244.16M,0.57,0.56,1.722B,0,255.62M,2013-09,96.44M,-18.69M,-18.69M,219.12M,143.43M,1.271B,166.84M,171.28M,148.37M,53.47M,411.93M,56.78M,483.00M,2.430B,0.137M,461.33M,456.64M,1.947B,1.969B,1.490B,88.79M,0,209.96M
VRSK,2013-06,-88.34M,176.84M,152.43M,137.87M,287.57M,0.5,0.49,1.736B,430.06M,237.93M,2013-06,84.20M,-19.70M,-19.70M,185.93M,135.26M,1.267B,146.86M,157.96M,127.28M,45.68M,390.36M,58.20M,365.50M,2.439B,0.137M,493.61M,585.14M,2.074B,1.946B,1.489B,91.07M,157.96M,240.56M
VRSK,2013-03,-88.93M,272.50M,143.63M,183.98M,314.45M,0.48,0.47,1.752B,361.27M,233.06M,2013-03,80.51M,-20.09M,-20.09M,167.13M,134.50M,1.266B,145.53M,150.26M,125.29M,45.84M,376.70M,56.32M,352.52M,2.516B,0.137M,552.54M,650.42M,2.164B,1.964B,1.513B,87.54M,150.26M,206.00M
VRSK,2012-12,-89.16M,94.70M,79.56M,195.26M,200.70M,0.59,0.58,1.768B,0,209.70M,2012-12,98.30M,-20.61M,-20.61M,154.08M,146.68M,1.266B,139.61M,107.93M,119.05M,32.43M,289.26M,44.91M,255.59M,2.360B,0.137M,390.56M,585.35M,2.105B,1.970B,1.519B,70.09M,179.75M,224.40M
VRSK,2012-09,-76.85M,102.66M,156.75M,265.79M,176.84M,0.5,0.48,1.750B,0,242.11M,2012-09,82.91M,-18.13M,-18.13M,144.80M,80.76M,1.302B,155.25M,179.75M,136.62M,53.70M,398.86M,58.71M,142.05M,2.303B,0.137M,361.34M,668.26M,2.161B,1.942B,1.493B,86.86M,153.68M,184.06M
VRSK,2012-06,-77.35M,101.98M,147.07M,201.78M,247.06M,0.44,0.43,1.298B,0,226.15M,2012-06,73.33M,-17.38M,-17.38M,133.73M,41.88M,1.054B,138.40M,153.68M,121.15M,47.82M,373.23M,62.47M,46.68M,1.853B,0.137M,397.50M,612.26M,1.807B,1.456B,1.194B,87.75M,144.97M,204.95M
VRSK,2012-03,-77.40M,119.90M,133.33M,130.48M,0,0.45,0.44,1.309B,0,213.17M,2012-03,74.60M,-16.38M,-16.38M,124.78M,39.87M,1.099B,138.96M,145.22M,123.01M,48.41M,346.50M,53.98M,-10.26M,1.892B,0.137M,419.84M,567.56M,1.902B,1.472B,1.335B,74.21M,335.67M,218.29M
VRSK,2011-12,-78.29M,196.67M,47.62M,5.554M,0,0.49,0.47,936.37M,0,163.53M,2011-12,80.32M,-14.85M,-14.85M,119.41M,13.58M,1.100B,106.64M,97.25M,92.26M,32.25M,211.15M,42.86M,-98.49M,1.541B,0.137M,453.65M,349.65M,1.640B,1.087B,1.290B,56.89M,121.28M,190.01M
VRSK,2011-09,-53.66M,57.67M,137.62M,165.67M,0,0.43,0.41,945.09M,0,202.48M,2011-09,70.99M,-14.49M,-14.49M,110.33M,0,853.58M,131.41M,335.67M,116.83M,45.84M,340.10M,51.48M,-158.87M,1.380B,0.137M,271.76M,506.00M,1.539B,1.108B,1.033B,71.07M,107.25M,158.55M
VRSK,2011-06,-53.51M,57.32M,131.18M,170.66M,0,0.39,0.38,953.89M,0,196.10M,2011-06,65.58M,-14.90M,-14.90M,107.64M,0,854.50M,120.45M,121.28M,109.05M,43.47M,327.28M,55.91M,-144.44M,1.408B,0.137M,295.48M,511.60M,1.553B,1.113B,1.041B,75.64M,0,179.30M
VRSK,2011-03,-54.84M,106.84M,124.56M,130.00M,0,0.39,0.37,824.44M,0,188.31M,2011-03,65.88M,-9.605M,-9.605M,100.77M,0,700.52M,119.30M,115.41M,110.05M,44.18M,312.87M,49.26M,-109.09M,1.286B,0.136M,311.70M,492.47M,1.396B,974.73M,903.05M,69.02M,0,167.98M
