Ticker,Date,Accrued Comprehensive Inc,Cash and Short Term Investments,Cost of Goods Sold,Current Debt & Capital Lease Obligation,Current Deferred Liabilities,EPS Basic,EPS Diluted,Goodwill and Intangibles,Gross PP&E,Gross Profit,Income (Quarterly),Net Income,Net Non-Operating Interest Income Expense,Net Operating Interest Income,Net PP&E,Non-Current Deferred Liabilities,Non-Current Portion of LTD and Capital Lease Obligation,Operating Income,Payables and Accrued Expenses,Pre-Tax Income,Provision for Income Taxes,Research and Development Expense,Revenue,SG&A Expense,Shareholders Equity,Total Assets,Total Capital Stock,Total Current Assets,Total Current Liabilities,Total Liabilities,Total Long Term Assets,Total Long Term Liabilities,Total Operating Expenses,Total Payables,Total Receivables
VRSN,2021-03,-2.747M,1.181B,46.97M,4.981M,855.35M,1.33,1.33,197.53M,252.12M,276.65M,2021-03,150.35M,-22.32M,-22.32M,252.12M,290.29M,1.791B,210.41M,122.08M,188.32M,37.96M,20.31M,323.62M,45.94M,-1.404B,1.783B,14.11B,1.236B,1.010B,3.187B,547.35M,2.176B,66.25M,64.95M,6.315M
VRSN,2020-12,-2.756M,1.167B,45.97M,3.88M,833.68M,1.38,1.38,197.53M,722.90M,274.31M,2020-12,157.31M,-22.22M,-22.22M,256.85M,373.17M,1.795B,204.51M,100.42M,182.90M,25.58M,19.40M,320.28M,50.40M,-1.390B,1.767B,14.28B,1.218B,988.69M,3.157B,548.97M,2.168B,69.80M,52.09M,8.214M
VRSN,2020-09,-2.741M,1.150B,45.02M,3.183M,826.56M,1.49,1.49,197.53M,259.77M,272.86M,2020-09,170.98M,-21.73M,-21.73M,259.77M,378.08M,1.794B,206.65M,107.35M,184.89M,13.91M,19.71M,317.88M,46.50M,-1.386B,1.764B,14.44B,1.206B,978.01M,3.151B,558.18M,2.173B,66.21M,55.62M,6.356M
VRSN,2020-06,-2.358M,1.195B,43.61M,0,836.61M,1.32,1.32,197.53M,260.52M,270.76M,2020-06,152.48M,-20.26M,-20.26M,260.52M,408.54M,1.794B,206.78M,143.13M,191.65M,39.17M,18.20M,314.36M,45.78M,-1.400B,1.820B,14.59B,1.250B,1.018B,3.220B,570.48M,2.202B,63.98M,100.98M,5.338M
VRSN,2020-03,-0.358M,1.139B,45.57M,0,819.03M,2.87,2.86,197.53M,256.41M,266.95M,2020-03,334.12M,-18.11M,-18.11M,256.41M,414.89M,1.792B,206.26M,110.62M,190.81M,-143.30M,17.36M,312.52M,43.33M,-1.409B,1.754B,14.73B,1.185B,955.67M,3.163B,568.37M,2.207B,60.69M,60.78M,5.047M
VRSN,2019-12,-2.621M,1.218B,46.45M,0,807.98M,1.27,1.26,197.53M,776.07M,264.09M,2019-12,148.32M,-17.16M,-17.16M,259.42M,586.81M,1.792B,198.57M,107.32M,184.98M,36.65M,15.10M,310.54M,50.42M,-1.490B,1.854B,14.99B,1.279B,965.17M,3.344B,575.42M,2.379B,65.52M,59.76M,17.36M
VRSN,2019-09,-2.419M,1.230B,44.44M,0,820.30M,1.3,1.3,197.53M,260.55M,263.98M,2019-09,153.91M,-16.18M,-16.18M,260.55M,585.50M,1.792B,205.62M,99.40M,193.48M,39.57M,14.62M,308.42M,43.74M,-1.452B,1.887B,0.353M,1.298B,960.88M,3.339B,588.58M,2.378B,58.36M,33.42M,22.85M
VRSN,2019-06,-2.727M,1.225B,44.07M,0,814.81M,1.24,1.24,197.53M,259.96M,262.22M,2019-06,147.53M,-15.41M,-15.41M,259.96M,588.84M,1.792B,201.69M,81.41M,190.49M,42.96M,14.95M,306.29M,45.58M,-1.425B,1.890B,0.353M,1.295B,934.68M,3.315B,594.52M,2.380B,60.53M,23.71M,24.63M
VRSN,2019-03,-2.762M,1.253B,45.50M,0,809.94M,1.36,1.35,197.53M,260.35M,260.90M,2019-03,162.53M,-15.27M,-15.27M,260.35M,593.92M,1.791B,200.25M,102.35M,189.82M,27.30M,16.13M,306.41M,44.52M,-1.406B,1.920B,0.353M,1.315B,941.28M,3.326B,604.41M,2.385B,60.65M,38.82M,25.41M
VRSN,2018-12,-2.811M,1.270B,48.37M,0,789.41M,1.51,1.5,197.53M,751.17M,259.08M,2018-12,182.20M,-16.04M,-16.04M,253.90M,567.34M,1.785B,193.97M,103.44M,233.90M,51.71M,15.04M,307.45M,50.08M,-1.385B,1.915B,0.352M,1.317B,947.59M,3.300B,597.47M,2.352B,65.12M,59.87M,10.48M
VRSN,2018-09,-3.003M,1.179B,48.25M,630.82M,784.40M,1.13,1.13,197.53M,256.27M,257.53M,2018-09,137.68M,-16.81M,-16.81M,256.27M,286.74M,1.784B,195.00M,89.59M,178.30M,40.62M,13.71M,305.78M,48.82M,-1.401B,1.885B,0.352M,1.236B,913.64M,3.286B,648.65M,2.372B,62.53M,18.20M,12.07M
VRSN,2018-06,-2.681M,1.171B,47.36M,627.62M,810.10M,1.13,1.04,197.53M,256.06M,255.09M,2018-06,128.35M,-22.21M,-22.21M,256.06M,289.00M,1.784B,193.01M,74.70M,164.88M,36.53M,13.76M,302.45M,48.32M,-1.381B,1.912B,0.352M,1.229B,921.23M,3.293B,682.67M,2.371B,62.08M,13.93M,10.49M
VRSN,2018-03,-2.698M,2.356B,48.15M,624.47M,794.74M,1.38,1.09,197.53M,257.54M,251.14M,2018-03,134.26M,-33.30M,-33.30M,257.54M,504.37M,1.783B,185.42M,97.44M,152.44M,18.17M,15.38M,299.29M,50.34M,-1.235B,2.905B,0.326M,2.409B,1.549B,4.140B,496.80M,2.591B,65.72M,25.04M,10.11M
VRSN,2017-12,-2.941M,2.415B,47.68M,628.91M,776.93M,1.05,0.83,197.53M,752.16M,247.82M,2017-12,102.84M,-33.91M,-33.91M,263.51M,730.20M,1.783B,176.43M,104.50M,142.05M,39.21M,12.77M,295.50M,58.62M,-1.260B,2.941B,0.325M,2.446B,1.561B,4.201B,495.04M,2.641B,71.39M,24.00M,11.46M
VRSN,2017-09,-3.154M,2.366B,47.33M,625.89M,771.33M,1.15,0.93,197.53M,265.31M,245.10M,2017-09,114.90M,-31.92M,-31.92M,265.31M,690.62M,1.782B,181.06M,102.43M,149.54M,34.64M,12.72M,292.43M,51.32M,-1.230B,2.908B,0.325M,2.406B,1.536B,4.138B,502.34M,2.603B,64.04M,41.24M,16.61M
VRSN,2017-06,-2.89M,1.808B,47.64M,629.76M,764.11M,1.22,0.99,197.53M,261.87M,240.91M,2017-06,123.10M,-25.78M,-25.78M,261.87M,673.84M,1.238B,174.96M,92.82M,159.87M,36.77M,13.51M,288.55M,52.44M,-1.203B,2.344B,0.325M,1.844B,1.523B,3.547B,500.16M,2.024B,65.95M,41.76M,13.45M
VRSN,2017-03,-3.107M,1.786B,50.67M,626.86M,772.06M,1.14,0.94,197.53M,262.35M,237.94M,2017-03,116.41M,-26.78M,-26.78M,262.35M,653.03M,1.238B,175.27M,72.73M,147.55M,31.14M,13.34M,288.61M,49.33M,-1.188B,2.316B,0.325M,1.817B,1.499B,3.503B,498.30M,2.004B,62.67M,24.98M,13.32M
VRSN,2016-12,-3.453M,1.798B,49.10M,632.31M,740.44M,1.01,0.84,197.53M,730.91M,237.17M,2016-12,105.55M,-27.08M,-27.08M,266.12M,658.86M,1.237B,168.76M,90.32M,141.85M,36.30M,13.74M,286.27M,54.66M,-1.201B,2.335B,0.324M,1.842B,1.522B,3.535B,492.23M,2.013B,68.41M,42.60M,28.38M
VRSN,2016-09,-2.685M,1.758B,49.81M,0,731.54M,1.08,0.9,197.53M,270.16M,237.75M,2016-09,114.43M,-27.19M,-27.19M,270.16M,631.39M,1.237B,174.78M,78.81M,149.12M,34.69M,14.32M,287.55M,48.65M,-1.169B,2.298B,0.324M,1.795B,1.482B,3.467B,503.01M,1.985B,62.97M,32.58M,19.48M
VRSN,2016-06,-2.189M,1.907B,48.75M,0,739.01M,1.05,0.87,52.53M,277.94M,237.71M,2016-06,113.21M,-27.34M,-27.34M,277.94M,614.34M,1.236B,176.27M,64.68M,149.12M,35.91M,14.29M,286.47M,47.16M,-1.127B,2.314B,0.324M,1.945B,1.476B,3.442B,369.52M,1.965B,61.45M,22.15M,17.19M
VRSN,2016-03,-3.124M,1.896B,50.58M,629.44M,748.14M,0.98,0.82,52.53M,286.20M,231.29M,2016-03,107.46M,-27.76M,-27.76M,286.20M,599.60M,1.236B,166.77M,71.89M,141.08M,33.63M,16.74M,281.88M,47.78M,-1.108B,2.324B,0.324M,1.946B,1.482B,3.432B,377.62M,1.950B,64.53M,23.25M,30.14M
VRSN,2015-12,-3.993M,1.915B,49.00M,634.33M,728.79M,0.92,0.76,54.53M,721.32M,223.63M,2015-12,101.53M,-27.71M,-27.71M,295.57M,575.05M,1.235B,158.28M,88.01M,125.38M,23.85M,15.20M,272.62M,50.15M,-1.070B,2.358B,0.323M,1.968B,1.503B,3.428B,389.81M,1.925B,65.35M,40.24M,35.74M
VRSN,2015-09,-2.589M,1.891B,47.22M,626.59M,1.207B,0.82,0.7,52.53M,297.30M,218.56M,2015-09,92.46M,-27.90M,-27.90M,297.30M,279.72M,1.235B,154.46M,106.89M,121.94M,29.49M,15.02M,265.78M,49.08M,-1.031B,2.577B,0.323M,1.941B,1.980B,3.609B,636.16M,1.629B,64.10M,58.98M,33.17M
VRSN,2015-06,-3.128M,1.885B,48.22M,624.77M,1.186B,0.8,0.7,52.53M,304.36M,214.32M,2015-06,93.01M,-28.13M,-28.13M,304.36M,277.83M,1.234B,148.96M,99.75M,123.66M,30.65M,16.35M,262.54M,49.01M,-994.32M,2.571B,0.323M,1.931B,1.946B,3.565B,640.16M,1.619B,65.35M,57.87M,28.79M
VRSN,2015-03,-2.915M,1.871B,48.35M,635.45M,1.165B,0.75,0.66,52.53M,311.87M,210.07M,2015-03,88.24M,-21.76M,-21.76M,311.87M,276.50M,1.25B,144.24M,93.64M,116.66M,28.43M,17.15M,258.42M,48.68M,-947.88M,2.608B,0.323M,1.940B,1.922B,3.556B,667.73M,1.633B,65.83M,56.57M,35.50M
VRSN,2014-12,-2.998M,1.425B,47.48M,620.62M,651.41M,0.54,0.48,52.53M,694.10M,208.44M,2014-12,65.47M,-21.37M,-21.37M,319.03M,513.51M,740.18M,142.22M,110.70M,120.48M,55.00M,17.32M,255.92M,48.90M,-883.47M,1.901B,0.322M,1.480B,1.432B,2.785B,421.36M,1.352B,66.22M,76.41M,36.90M
VRSN,2014-09,-3.049M,1.475B,46.93M,627.07M,1.115B,0.77,0.69,52.53M,318.81M,208.09M,2014-09,95.19M,-21.34M,-21.34M,318.81M,268.07M,750.00M,139.50M,68.23M,111.49M,16.30M,16.32M,255.02M,52.27M,-748.75M,2.207B,0.322M,1.523B,1.849B,2.956B,684.44M,1.107B,68.59M,39.38M,24.11M
VRSN,2014-06,-3.107M,1.545B,45.99M,618.14M,1.118B,0.77,0.71,52.53M,323.78M,204.39M,2014-06,100.18M,-21.30M,-21.30M,323.78M,266.59M,750.00M,143.12M,73.67M,126.62M,26.45M,15.69M,250.38M,45.58M,-632.85M,2.323B,0.321M,1.597B,1.843B,2.955B,725.59M,1.112B,61.27M,45.85M,23.31M
VRSN,2014-03,-3.072M,1.717B,48.03M,621.06M,1.335B,0.71,0.64,52.53M,329.71M,200.77M,2014-03,94.42M,-21.07M,-21.07M,329.71M,265.63M,750.00M,139.58M,58.09M,124.72M,30.29M,18.44M,248.80M,42.75M,-457.62M,2.609B,0.321M,1.790B,2.044B,3.067B,819.15M,1.023B,61.18M,31.44M,42.82M
VRSN,2013-12,-3.085M,1.723B,46.58M,624.06M,1.277B,2.15,1.94,52.53M,655.75M,199.06M,2013-12,292.15M,-20.92M,-20.92M,339.65M,260.62M,750.00M,130.17M,78.43M,116.44M,-175.70M,17.77M,245.63M,51.12M,-423.56M,2.661B,0.32M,1.803B,2.029B,3.084B,857.57M,1.055B,68.88M,44.70M,53.52M
VRSN,2013-09,-3.207M,1.807B,46.55M,613.75M,1.024B,0.57,0.53,52.53M,337.78M,197.12M,2013-09,80.90M,-20.80M,-20.80M,337.78M,264.80M,750.00M,132.71M,85.10M,107.00M,26.10M,17.46M,243.68M,46.96M,-493.82M,2.330B,0.32M,1.862B,1.764B,2.824B,468.21M,1.060B,64.41M,49.31M,29.42M
VRSN,2013-06,-3.293M,1.997B,46.63M,606.28M,1.015B,0.58,0.55,52.53M,337.88M,192.70M,2013-06,86.89M,-19.19M,-19.19M,337.88M,263.21M,750.00M,132.08M,83.95M,118.43M,31.54M,16.90M,239.33M,43.72M,-273.93M,2.525B,0.32M,2.053B,1.741B,2.799B,471.55M,1.058B,60.62M,52.00M,28.40M
VRSN,2013-03,-0.675M,1.562B,47.25M,606.14M,997.92M,0.55,0.52,52.53M,333.18M,189.19M,2013-03,84.51M,-11.95M,-11.95M,333.18M,259.10M,100.00M,133.26M,73.47M,114.89M,30.38M,18.18M,236.45M,37.75M,-39.14M,2.071B,0.32M,1.615B,1.706B,2.110B,455.91M,403.84M,55.93M,55.68M,28.85M
VRSN,2012-12,-0.388M,1.556B,42.04M,603.11M,583.95M,0.68,0.65,52.53M,603.00M,188.16M,2012-12,105.64M,-11.25M,-11.25M,333.86M,634.87M,697.61M,136.08M,72.29M,131.29M,30.20M,16.06M,230.20M,36.01M,-9.323M,2.062B,0.319M,1.643B,695.02M,2.072B,419.01M,1.377B,52.07M,45.44M,26.53M
VRSN,2012-09,-0.603M,1.492B,41.46M,0,908.11M,0.5,0.47,53.06M,594.23M,182.07M,2012-09,77.91M,-11.98M,-11.98M,329.36M,248.26M,100.00M,116.06M,69.85M,101.70M,24.88M,15.41M,223.53M,50.60M,-26.61M,1.983B,0.319M,1.530B,1.617B,2.010B,452.78M,392.52M,66.01M,26.87M,11.27M
VRSN,2012-06,-3.082M,1.438B,42.84M,0,577.41M,0.43,0.42,53.20M,0,171.30M,2012-06,68.47M,-11.98M,-11.98M,329.33M,585.36M,697.94M,106.80M,63.21M,92.30M,23.83M,15.46M,214.14M,49.04M,-59.20M,1.942B,0.318M,1.531B,672.64M,2.001B,411.41M,1.329B,64.50M,28.57M,12.65M
VRSN,2012-03,-3.094M,1.386B,41.26M,0,542.98M,0.43,0.42,53.52M,0,164.47M,2012-03,68.01M,-12.04M,-12.04M,328.47M,573.50M,692.82M,98.38M,72.17M,87.40M,21.29M,14.76M,205.73M,51.32M,-71.33M,1.883B,0.318M,1.474B,642.62M,1.954B,409.08M,1.311B,66.09M,29.13M,13.55M
VRSN,2011-12,-3.084M,1.346B,42.02M,0,521.10M,0.34,0.33,53.85M,0,161.63M,2011-12,53.81M,-11.28M,-11.28M,327.14M,551.56M,690.09M,96.22M,97.58M,77.33M,32.00M,13.12M,203.65M,52.28M,-88.11M,1.856B,0.317M,1.448B,658.92M,1.944B,408.40M,1.285B,65.40M,47.72M,24.43M
VRSN,2011-09,-3.185M,1.235B,41.69M,0,501.92M,0.36,0.36,54.17M,0,155.27M,2011-09,58.92M,-11.03M,-11.03M,205.30M,557.90M,586.57M,91.92M,84.09M,80.74M,22.13M,13.49M,196.96M,49.86M,-166.74M,1.658B,0.316M,1.364B,639.23M,1.824B,294.02M,1.185B,63.35M,45.77M,14.83M
VRSN,2011-06,-2.064M,1.395B,40.67M,0,514.73M,-0.06,-0.06,54.50M,0,149.18M,2011-06,-10.61M,-110.28M,-110.28M,194.77M,545.20M,584.96M,85.72M,100.25M,-23.65M,-15.97M,13.07M,189.84M,50.38M,-4.203M,1.796B,0.316M,1.525B,651.76M,1.800B,270.46M,1.148B,63.46M,48.26M,14.52M
