Ticker,Date,Accrued Comprehensive Inc,Cash and Short Term Investments,Cost of Goods Sold,Current Debt & Capital Lease Obligation,Current Deferred Liabilities,EPS Basic,EPS Diluted,Goodwill and Intangibles,Gross PP&E,Gross Profit,Income (Quarterly),Inventories,Net Income,Net Non-Operating Interest Income Expense,Net Operating Interest Income,Net PP&E,Non-Current Deferred Liabilities,Non-Current Portion of LTD and Capital Lease Obligation,Operating Income,Payables and Accrued Expenses,Pre-Tax Income,Provision for Income Taxes,Research and Development Expense,Revenue,SG&A Expense,Shareholders Equity,Total Assets,Total Capital Stock,Total Current Assets,Total Current Liabilities,Total Liabilities,Total Long Term Assets,Total Long Term Liabilities,Total Operating Expenses,Total Payables,Total Receivables
VTRS,2020-12,-858.00M,1.048B,2.917B,3.450B,0,-1.59,-1.59,42.03B,6.046B,706.40M,2020-12,5.472B,-915.80M,-144.40M,-144.40M,3.784B,3.124B,22.66B,-809.80M,3.475B,-1.014B,-97.70M,154.80M,3.624B,1.361B,22.95B,61.55B,12.10M,12.87B,10.56B,38.60B,48.69B,28.04B,1.516B,2.193B,4.844B
VTRS,2020-09,-1.424B,795.60M,1.814B,3.251B,0,0.36,0.36,20.78B,4.448B,1.158B,2020-09,3.022B,185.70M,-117.30M,-117.30M,2.286B,1.417B,9.258B,370.30M,2.591B,241.60M,55.90M,129.80M,2.972B,658.40M,12.55B,31.24B,6.10M,7.335B,7.275B,18.70B,23.91B,11.42B,788.20M,1.791B,2.964B
VTRS,2020-06,-2.025B,420.30M,1.706B,3.213B,0,0.08,0.08,20.48B,4.343B,1.026B,2020-06,2.786B,39.40M,-116.20M,-116.20M,2.268B,1.542B,9.154B,150.00M,2.162B,20.00M,-19.40M,156.30M,2.731B,719.40M,11.75B,30.16B,6.10M,6.465B,6.971B,18.41B,23.69B,11.44B,875.70M,1.545B,2.753B
VTRS,2020-03,-2.454B,697.80M,1.713B,1.504B,0,0.04,0.04,20.37B,4.302B,906.10M,2020-03,2.640B,20.80M,-119.90M,-119.90M,2.303B,1.538B,11.36B,186.50M,2.200B,30.70M,9.90M,114.20M,2.619B,605.40M,11.26B,30.15B,6.10M,6.600B,5.228B,18.88B,23.55B,13.66B,719.60M,1.528B,2.775B
VTRS,2019-12,-1.797B,584.70M,2.104B,1.534B,0,0.04,0.04,21.24B,4.378B,1.087B,2019-12,2.671B,20.50M,-126.00M,-126.00M,2.404B,1.628B,11.39B,281.20M,2.406B,135.20M,114.70M,151.80M,3.192B,654.40M,11.88B,31.26B,6.10M,6.757B,5.569B,19.37B,24.50B,13.80B,806.20M,1.741B,3.059B
VTRS,2019-09,-2.191B,480.60M,1.889B,630.90M,0,0.37,0.37,21.21B,4.310B,1.072B,2019-09,2.764B,189.80M,-128.90M,-128.90M,2.383B,1.557B,12.64B,271.80M,2.432B,185.80M,-4.00M,167.90M,2.962B,632.70M,11.46B,31.05B,6.10M,6.645B,4.645B,19.59B,24.41B,14.95B,800.60M,1.664B,2.948B
VTRS,2019-06,-1.542B,328.90M,1.919B,779.00M,0,-0.33,-0.33,22.42B,4.306B,932.60M,2019-06,2.776B,-168.50M,-131.20M,-131.20M,2.397B,1.635B,12.76B,116.40M,2.304B,-52.10M,116.40M,147.60M,2.852B,668.60M,11.90B,31.82B,6.10M,6.265B,4.560B,19.91B,25.55B,15.35B,816.20M,1.677B,2.704B
VTRS,2019-03,-1.710B,331.60M,1.690B,735.30M,0,-0.05,-0.05,22.56B,4.249B,805.20M,2019-03,2.709B,-25.00M,-131.20M,-131.20M,2.388B,1.643B,13.24B,24.70M,1.946B,-114.50M,-89.50M,172.60M,2.496B,607.90M,11.89B,31.91B,6.00M,6.262B,4.158B,20.02B,25.64B,15.86B,780.50M,1.340B,2.778B
VTRS,2018-12,-1.441B,479.40M,2.063B,657.10M,0,0.1,0.1,23.41B,3.974B,1.016B,2018-12,2.580B,51.20M,-135.20M,-135.20M,2.170B,1.722B,13.16B,233.90M,2.329B,77.00M,25.80M,148.80M,3.079B,632.90M,12.17B,32.73B,6.00M,6.368B,4.588B,20.57B,26.37B,15.98B,781.70M,1.738B,2.881B
VTRS,2018-09,-1.491B,449.20M,1.823B,1.136B,0,0.34,0.34,24.04B,3.890B,1.039B,2018-09,2.561B,176.70M,-136.20M,-136.20M,2.120B,1.764B,13.29B,317.80M,2.174B,192.20M,15.50M,144.10M,2.862B,577.30M,12.07B,33.46B,6.00M,6.542B,5.182B,21.39B,26.91B,16.21B,721.40M,1.477B,2.949B
VTRS,2018-06,-1.199B,330.20M,1.846B,1.361B,0,0.07,0.07,24.03B,3.905B,962.50M,2018-06,2.561B,37.50M,-139.20M,-139.20M,2.186B,1.824B,13.32B,132.50M,1.924B,18.70M,-18.80M,206.70M,2.808B,623.30M,12.21B,33.27B,6.00M,6.298B,4.863B,21.06B,26.97B,16.20B,830.00M,1.369B,2.818B
VTRS,2018-03,-191.50M,367.40M,1.700B,2.621B,0,0.17,0.17,25.37B,3.983B,984.30M,2018-03,2.641B,87.10M,-131.70M,-131.70M,2.275B,2.042B,12.45B,171.90M,2.144B,10.50M,-76.60M,204.90M,2.684B,607.50M,13.18B,35.18B,6.00M,6.761B,6.387B,22.01B,28.42B,15.62B,812.40M,1.418B,3.025B
VTRS,2017-12,-361.20M,491.60M,1.944B,1.796B,0,0.46,0.46,25.45B,4.002B,1.295B,2017-12,2.543B,244.30M,-128.30M,-128.30M,2.339B,2.012B,12.87B,431.90M,2.253B,327.10M,82.80M,202.40M,3.239B,660.30M,13.31B,35.81B,6.00M,7.213B,6.385B,22.50B,28.59B,16.11B,862.70M,1.565B,3.612B
VTRS,2017-09,-611.20M,614.90M,1.809B,722.80M,0,0.17,0.16,25.26B,3.910B,1.178B,2017-09,2.548B,88.30M,-131.80M,-131.80M,2.31B,2.138B,13.99B,331.70M,2.306B,179.60M,91.30M,182.30M,2.987B,664.10M,13.29B,35.82B,6.00M,7.267B,4.984B,22.53B,28.55B,17.54B,846.40M,1.291B,3.220B
VTRS,2017-06,-955.60M,612.80M,1.737B,964.30M,0,0.56,0.55,25.00B,3.948B,1.225B,2017-06,2.610B,297.00M,-136.30M,-136.30M,2.366B,2.112B,14.03B,423.80M,2.287B,324.70M,27.70M,181.10M,2.962B,620.50M,12.83B,35.51B,6.00M,6.966B,5.170B,22.67B,28.54B,17.50B,801.60M,1.167B,2.951B
VTRS,2017-03,-1.813B,723.80M,1.634B,258.20M,0,0.12,0.12,23.76B,3.848B,1.085B,2017-03,2.548B,66.40M,-138.20M,-138.20M,2.338B,2.019B,14.70B,236.70M,2.353B,71.60M,5.20M,217.50M,2.720B,630.80M,11.66B,34.27B,6.00M,7.066B,4.524B,22.62B,27.21B,18.09B,848.30M,1.172B,2.872B
VTRS,2016-12,-2.264B,998.80M,1.933B,269.70M,0,0.78,0.78,23.68B,3.808B,1.335B,2016-12,2.456B,417.50M,-137.50M,-137.50M,2.322B,2.006B,15.20B,429.50M,2.617B,224.90M,-192.60M,194.60M,3.268B,710.90M,11.12B,34.73B,6.00M,7.522B,5.041B,23.61B,27.20B,18.57B,905.50M,1.446B,3.311B
VTRS,2016-09,-1.120B,1.257B,1.774B,4.333B,0,-0.23,-0.23,25.25B,3.780B,1.283B,2016-09,2.688B,-119.80M,-144.40M,-144.40M,2.284B,2.190B,11.33B,427.30M,2.574B,-325.30M,-205.50M,199.10M,3.057B,656.90M,11.83B,36.54B,6.00M,7.965B,9.554B,24.71B,28.57B,15.16B,856.00M,1.419B,3.099B
VTRS,2016-06,-1.431B,6.362B,1.389B,710.60M,0,0.33,0.33,13.55B,3.484B,1.172B,2016-06,2.191B,168.40M,-90.30M,-90.30M,2.058B,682.50M,12.77B,410.80M,1.614B,203.10M,34.70M,179.50M,2.561B,581.40M,10.33B,28.84B,5.70M,12.19B,3.775B,18.50B,16.65B,14.73B,760.90M,1.139B,2.917B
VTRS,2016-03,-1.290B,1.199B,1.284B,1.149B,0,0.03,0.03,12.85B,3.376B,907.00M,2016-03,2.144B,13.90M,-70.30M,-70.30M,1.999B,744.00M,6.326B,104.10M,1.584B,19.00M,5.10M,253.60M,2.191B,549.30M,10.27B,22.64B,5.50M,6.628B,3.959B,12.37B,16.02B,8.410B,802.90M,1.120B,2.587B
VTRS,2015-12,-1.764B,1.236B,1.428B,1.00B,2.30M,0.4,0.38,12.60B,3.294B,1.063B,2015-12,1.951B,194.60M,-67.90M,-67.90M,1.984B,718.10M,6.296B,307.40M,1.718B,218.30M,23.70M,159.00M,2.491B,596.20M,9.764B,22.27B,5.50M,6.473B,4.122B,12.50B,15.80B,8.380B,755.20M,1.202B,2.689B
VTRS,2015-09,-1.554B,587.00M,1.380B,568.30M,2.30M,0.87,0.83,12.01B,3.146B,1.315B,2015-09,1.944B,428.60M,-134.50M,-134.50M,1.885B,613.10M,5.846B,603.40M,1.834B,455.10M,26.50M,174.80M,2.695B,537.10M,9.814B,21.32B,5.50M,6.486B,3.684B,11.50B,14.83B,7.817B,711.90M,1.336B,2.917B
VTRS,2015-06,-1.352B,439.70M,1.364B,2.600B,7.40M,0.34,0.32,12.04B,3.135B,1.008B,2015-06,1.934B,167.80M,-93.90M,-93.90M,1.899B,583.60M,5.890B,275.70M,1.644B,180.70M,12.80M,168.20M,2.372B,564.20M,9.568B,22.79B,5.50M,7.891B,5.369B,13.23B,14.90B,7.856B,732.40M,1.183B,2.861B
VTRS,2015-03,-1.611B,277.20M,1.042B,2.781B,0.30M,0.14,0.13,11.89B,3.062B,830.10M,2015-03,1.908B,56.60M,-79.50M,-79.50M,1.872B,613.80M,5.750B,177.00M,1.442B,61.30M,4.70M,169.90M,1.872B,483.20M,9.073B,22.12B,5.50M,7.426B,5.288B,13.03B,14.70B,7.743B,653.10M,1.061B,2.265B
VTRS,2014-12,-987.00M,225.50M,1.114B,2.804B,0.20M,0.51,0.47,6.396B,2.956B,969.00M,2014-12,1.651B,189.20M,-82.00M,-82.00M,1.786B,203.90M,5.700B,313.20M,1.494B,272.40M,81.90M,150.20M,2.083B,425.60M,3.256B,15.82B,273.30M,6.441B,5.304B,12.54B,9.379B,7.240B,655.80M,1.066B,2.268B
VTRS,2014-09,-620.30M,199.60M,1.072B,2.357B,2.60M,1.33,1.26,6.730B,2.891B,1.012B,2014-09,1.708B,499.10M,-83.90M,-83.90M,1.738B,296.10M,5.724B,515.90M,1.394B,412.60M,-86.80M,158.20M,2.084B,418.30M,3.388B,15.17B,272.90M,5.818B,4.474B,11.77B,9.356B,7.294B,496.50M,942.00M,1.733B
VTRS,2014-06,-152.70M,193.90M,1.028B,306.00M,1.50M,0.34,0.32,6.809B,2.892B,808.80M,2014-06,1.791B,125.20M,-84.60M,-84.60M,1.756B,428.60M,7.918B,249.30M,1.424B,137.80M,11.20M,155.40M,1.837B,404.10M,3.334B,15.60B,272.80M,4.477B,2.601B,12.25B,11.13B,9.649B,559.50M,1.037B,1.762B
VTRS,2014-03,-159.40M,243.00M,977.80M,423.80M,0.58M,0.31,0.29,6.822B,2.815B,737.80M,2014-03,1.738B,115.90M,-82.70M,-82.70M,1.705B,468.60M,7.781B,242.10M,1.388B,151.70M,35.10M,118.00M,1.716B,377.70M,3.174B,15.36B,272.60M,4.342B,2.649B,12.16B,11.01B,9.514B,495.70M,973.60M,1.679B
VTRS,2013-12,-240.10M,291.30M,1.013B,443.40M,0,0.48,0.45,6.858B,2.728B,795.90M,2013-12,1.657B,180.20M,-79.60M,-79.60M,1.666B,515.30M,7.586B,260.00M,1.626B,193.10M,12.20M,155.90M,1.808B,380.00M,2.942B,15.29B,272.00M,4.471B,2.964B,12.33B,10.82B,9.371B,535.90M,1.122B,1.82B
VTRS,2013-09,-250.95M,364.92M,958.90M,526.40M,0,0.42,0.4,5.351B,2.570B,808.50M,2013-09,1.646B,158.90M,-73.90M,-73.90M,1.459B,302.98M,5.779B,329.70M,1.390B,195.30M,35.90M,114.00M,1.767B,349.80M,3.215B,12.90B,271.44M,4.343B,2.561B,9.669B,8.558B,7.107B,478.80M,950.13M,1.717B
VTRS,2013-06,-354.72M,277.38M,959.30M,408.09M,0.651M,0.47,0.46,5.332B,2.552B,742.40M,2013-06,1.637B,177.70M,-81.80M,-81.80M,1.431B,277.79M,5.812B,315.60M,1.358B,219.70M,41.00M,111.40M,1.702B,315.40M,2.929B,12.21B,270.93M,4.212B,2.326B,9.266B,7.999B,6.940B,426.80M,927.91M,1.651B
VTRS,2013-03,-208.40M,294.42M,938.00M,590.22M,0.587M,0.27,0.27,5.557B,2.535B,693.50M,2013-03,1.623B,106.90M,-78.00M,-78.00M,1.422B,265.47M,5.672B,215.60M,1.176B,139.20M,31.70M,126.50M,1.632B,351.40M,2.871B,11.89B,270.62M,3.950B,2.282B,8.998B,7.935B,6.715B,477.90M,785.94M,1.514B
VTRS,2012-12,-86.50M,349.97M,980.53M,397.04M,1.283M,0.4,0.39,5.740B,2.484B,742.31M,2012-12,1.525B,162.01M,-74.57M,-74.57M,1.397B,274.26M,5.337B,261.68M,1.273B,191.02M,28.75M,117.73M,1.723B,354.60M,3.341B,11.93B,269.83M,3.903B,2.194B,8.576B,8.029B,6.383B,480.63M,811.64M,1.554B
VTRS,2012-09,-35.81M,366.00M,1.009B,515.13M,1.274M,0.52,0.51,5.923B,2.402B,793.12M,2012-09,1.496B,211.26M,-76.05M,-76.05M,1.336B,301.77M,4.847B,342.64M,1.111B,264.85M,52.76M,108.25M,1.802B,342.23M,3.609B,11.71B,266.90M,3.751B,2.170B,8.082B,7.956B,5.913B,450.48M,742.12M,1.500B
VTRS,2012-06,-212.87M,346.57M,985.18M,504.51M,1.132M,0.33,0.33,5.959B,2.352B,702.64M,2012-06,1.473B,138.55M,-75.67M,-75.67M,1.299B,293.80M,5.552B,249.26M,736.19M,190.02M,50.84M,94.36M,1.688B,359.01M,3.185B,11.60B,266.15M,3.752B,2.164B,8.403B,7.850B,6.239B,453.37M,736.19M,1.526B
VTRS,2012-03,28.88M,289.08M,913.43M,542.34M,1.329M,0.3,0.3,6.188B,2.393B,670.23M,2012-03,1.488B,129.08M,-82.41M,-82.41M,1.316B,371.58M,5.288B,252.71M,925.92M,158.31M,28.84M,80.96M,1.584B,336.56M,3.766B,11.93B,265.78M,3.739B,2.111B,8.155B,8.195B,6.044B,417.52M,720.56M,1.538B
VTRS,2011-12,-87.84M,375.06M,886.64M,819.67M,1.215M,0.31,0.3,6.149B,2.371B,644.60M,2011-12,1.397B,129.49M,-81.11M,-81.11M,1.298B,308.92M,4.479B,267.50M,1.275B,128.88M,-1.018M,76.08M,1.531B,301.03M,3.492B,11.60B,265.16M,3.569B,2.563B,8.093B,8.029B,5.530B,377.10M,746.12M,1.426B
VTRS,2011-09,43.87M,543.09M,917.36M,860.34M,1.368M,0.37,0.36,5.785B,2.288B,658.39M,2011-09,1.387B,156.70M,-85.77M,-85.77M,1.239B,428.62M,4.483B,268.16M,800.74M,192.21M,34.83M,70.85M,1.576B,319.39M,3.482B,11.12B,265.06M,3.609B,2.375B,7.624B,7.509B,5.249B,390.24M,588.41M,1.280B
VTRS,2011-06,454.25M,466.14M,904.45M,824.30M,2.047M,0.34,0.33,6.203B,2.310B,669.43M,2011-06,1.409B,146.45M,-84.65M,-84.65M,1.261B,420.76M,4.829B,282.72M,738.42M,203.04M,56.05M,72.49M,1.574B,314.22M,3.869B,12.01B,264.95M,3.760B,2.521B,8.125B,8.246B,5.604B,386.71M,738.42M,1.441B
VTRS,2011-03,338.40M,638.97M,858.01M,772.03M,3.153M,0.24,0.23,6.170B,2.222B,590.95M,2011-03,1.327B,104.18M,-84.41M,-84.41M,1.217B,448.42M,4.767B,235.64M,660.44M,130.52M,25.97M,75.31M,1.449B,280.00M,3.904B,11.88B,263.66M,3.757B,2.393B,7.961B,8.121B,5.568B,355.30M,660.44M,1.336B
