Ticker,Date,Accrued Comprehensive Inc,Cash and Short Term Investments,Cost of Goods Sold,Current Debt & Capital Lease Obligation,Current Deferred Liabilities,EPS Basic,EPS Diluted,Goodwill and Intangibles,Gross PP&E,Gross Profit,Income (Quarterly),Inventories,Net Income,Net Non-Operating Interest Income Expense,Net Operating Interest Income,Net PP&E,Non-Current Deferred Liabilities,Non-Current Portion of LTD and Capital Lease Obligation,Operating Income,Payables and Accrued Expenses,Pre-Tax Income,Provision for Income Taxes,Revenue,SG&A Expense,Shareholders Equity,Total Assets,Total Capital Stock,Total Current Assets,Total Current Liabilities,Total Liabilities,Total Long Term Assets,Total Long Term Liabilities,Total Operating Expenses,Total Payables,Total Receivables
VZ,2021-03,640.00M,10.20B,13.52B,12.34B,4.843B,1.27,1.27,132.15B,305.06B,19.34B,2021-03,1.303B,5.245B,-1.101B,-1.101B,117.19B,36.75B,167.47B,7.77B,17.22B,7.078B,1.70B,32.87B,7.401B,71.23B,345.57B,429.00M,39.65B,38.73B,272.89B,305.93B,234.16B,11.58B,10.72B,22.51B
VZ,2020-12,-71.00M,22.17B,14.82B,9.374B,4.651B,1.11,1.11,130.28B,302.27B,19.87B,2020-12,1.796B,4.588B,-1.064B,-1.064B,117.36B,35.71B,141.17B,7.18B,23.28B,6.253B,1.535B,34.69B,8.493B,67.84B,316.48B,429.00M,54.59B,39.66B,247.21B,261.89B,207.55B,12.69B,12.06B,23.92B
VZ,2020-09,-812.00M,8.983B,12.33B,9.264B,4.207B,1.05,1.05,130.36B,298.89B,19.21B,2020-09,1.457B,4.357B,-1.031B,-1.031B,115.86B,34.57B,127.94B,7.678B,17.39B,5.851B,1.347B,31.54B,7.339B,65.07B,296.99B,429.00M,38.57B,36.18B,230.46B,258.42B,194.28B,11.53B,11.23B,22.62B
VZ,2020-06,-1.274B,7.882B,11.75B,9.921B,0,1.14,1.13,130.03B,295.14B,18.70B,2020-06,1.289B,4.70B,-1.073B,-1.073B,115.18B,33.80B,124.35B,7.361B,19.30B,6.187B,1.348B,30.45B,7.156B,62.70B,293.26B,429.00M,37.33B,38.89B,229.15B,255.93B,190.26B,11.34B,0,22.67B
VZ,2020-03,-1.502B,7.047B,12.30B,14.51B,0,1,1,126.22B,291.46B,19.31B,2020-03,1.633B,4.156B,-1.014B,-1.014B,114.65B,33.71B,124.68B,6.579B,17.42B,5.676B,1.389B,31.61B,8.585B,60.21B,294.50B,429.00M,40.70B,41.06B,232.85B,253.80B,191.79B,12.74B,0,23.80B
VZ,2019-12,998.00M,2.594B,15.63B,14.04B,0,1.23,1.23,128.95B,288.43B,19.14B,2019-12,1.422B,5.095B,-1.132B,-1.132B,114.61B,34.70B,119.10B,6.825B,24.37B,3.712B,-1.505B,34.78B,8.214B,61.40B,291.73B,429.00M,37.47B,44.87B,228.89B,254.25B,184.02B,12.32B,0,25.43B
VZ,2019-09,1.104B,3.02B,13.38B,10.79B,0,1.26,1.25,128.27B,282.27B,19.51B,2019-09,1.538B,5.194B,-1.112B,-1.112B,111.07B,34.59B,119.98B,8.18B,19.57B,6.923B,1.586B,32.89B,7.216B,58.92B,284.88B,429.00M,34.90B,39.21B,224.56B,249.98B,185.35B,11.33B,0,24.71B
VZ,2019-06,1.447B,1.949B,12.72B,11.93B,0,0.95,0.95,128.44B,279.86B,19.35B,2019-06,1.167B,3.944B,-1.184B,-1.184B,110.28B,34.22B,122.85B,7.85B,17.63B,5.31B,1.236B,32.07B,7.268B,56.58B,283.11B,429.00M,33.31B,38.21B,225.16B,249.80B,186.95B,11.50B,0,24.93B
VZ,2019-03,2.216B,2.322B,12.99B,11.61B,0,1.22,1.22,128.48B,277.56B,19.14B,2019-03,1.417B,5.032B,-1.181B,-1.181B,110.95B,34.34B,124.02B,7.709B,18.66B,6.788B,1.628B,32.13B,7.198B,55.86B,283.95B,429.00M,33.40B,38.61B,226.49B,250.55B,187.88B,11.43B,0,24.47B
VZ,2018-12,2.37B,2.745B,15.29B,7.19B,0,0.47,0.47,128.52B,252.84B,18.99B,2018-12,1.336B,1.939B,-1.166B,-1.166B,89.29B,33.80B,105.87B,5.228B,25.01B,1.367B,-698.00M,34.28B,9.41B,53.14B,264.83B,429.00M,34.64B,37.93B,210.12B,230.19B,172.19B,13.76B,0,25.10B
VZ,2018-09,3.201B,2.538B,13.33B,6.502B,4.05B,1.19,1.19,132.94B,252.03B,19.28B,2018-09,1.27B,4.924B,-1.186B,-1.186B,87.46B,35.71B,106.44B,7.675B,19.34B,6.675B,1.613B,32.61B,7.224B,54.50B,265.56B,429.00M,33.15B,34.17B,209.48B,232.41B,175.31B,11.60B,10.98B,24.01B
VZ,2018-06,3.205B,1.75B,13.63B,5.466B,2.914B,1,1,132.92B,249.29B,18.57B,2018-06,1.102B,4.12B,-1.202B,-1.202B,87.78B,35.07B,109.17B,6.617B,18.56B,5.527B,1.281B,32.20B,7.605B,52.02B,263.30B,429.00M,30.88B,32.33B,209.73B,232.43B,177.40B,11.96B,10.98B,23.10B
VZ,2018-03,3.705B,1.923B,13.26B,6.323B,0,1.11,1.11,132.81B,246.88B,18.52B,2018-03,1.285B,4.545B,-1.185B,-1.185B,87.92B,34.41B,112.73B,7.349B,17.05B,6.054B,1.388B,31.77B,6.844B,50.78B,264.52B,429.00M,31.02B,31.62B,212.17B,233.49B,180.56B,11.17B,0,22.60B
VZ,2017-12,2.659B,2.079B,15.56B,3.453B,0,4.57,4.56,127.84B,246.50B,18.40B,2017-12,1.034B,18.67B,-1.194B,-1.194B,88.57B,31.23B,113.64B,7.235B,23.66B,2.934B,-15.85B,33.96B,6.706B,43.10B,257.14B,424.00M,29.91B,33.04B,212.46B,227.23B,179.42B,11.16B,0,23.49B
VZ,2017-09,2.683B,4.487B,12.97B,2.18B,0,0.89,0.89,127.60B,242.61B,18.74B,2017-09,1.276B,3.62B,-1.141B,-1.141B,86.62B,48.34B,115.32B,6.988B,18.43B,5.511B,1.775B,31.72B,7.483B,26.85B,254.68B,424.00M,30.87B,28.93B,226.23B,223.82B,197.30B,11.76B,0,21.55B
VZ,2017-06,2.284B,4.583B,12.48B,1.153B,0,1.07,1.07,127.67B,239.23B,18.06B,2017-06,1.116B,4.362B,-1.198B,-1.198B,86.52B,47.51B,116.39B,8.014B,17.82B,6.967B,2.489B,30.55B,5.883B,25.19B,252.98B,424.00M,28.82B,27.76B,226.22B,224.16B,198.46B,10.05B,0,19.77B
VZ,2017-03,2.609B,4.307B,12.05B,3.707B,0,0.85,0.84,124.30B,235.55B,17.77B,2017-03,1.194B,3.45B,-1.118B,-1.118B,85.21B,47.85B,112.84B,6.962B,14.83B,5.182B,1.629B,29.81B,6.746B,23.49B,246.73B,424.00M,27.16B,26.66B,221.69B,219.57B,195.03B,10.80B,0,16.86B
VZ,2016-12,2.673B,2.88B,15.64B,2.645B,0,1.1,1.1,122.78B,232.22B,16.70B,2016-12,1.202B,4.495B,-1.12B,-1.12B,84.75B,45.96B,105.43B,10.21B,21.97B,6.949B,2.349B,32.34B,2.501B,22.52B,244.18B,424.00M,26.40B,30.34B,220.15B,217.78B,189.81B,6.488B,0,17.51B
VZ,2016-09,2.758B,6.441B,12.23B,3.852B,0,0.89,0.89,121.07B,228.91B,18.71B,2016-09,1.318B,3.62B,-1.022B,-1.022B,83.41B,44.62B,102.74B,6.54B,18.00B,5.576B,1.829B,30.94B,8.226B,20.46B,239.50B,424.00M,25.62B,30.30B,217.52B,213.88B,187.22B,12.17B,0,14.83B
VZ,2016-06,2.847B,2.857B,12.22B,6.803B,0,0.17,0.17,119.80B,225.76B,18.31B,2016-06,931.00M,702.00M,-1.002B,-1.002B,83.17B,43.82B,92.92B,4.554B,19.09B,1.695B,864.00M,30.53B,9.775B,19.24B,231.87B,424.00M,20.84B,34.41B,211.13B,211.03B,176.72B,13.76B,0,13.29B
VZ,2016-03,459.00M,5.846B,12.61B,6.265B,2.969B,1.06,1.06,120.41B,222.67B,19.56B,2016-03,1.142B,4.31B,-1.173B,-1.173B,83.01B,45.57B,103.62B,7.942B,18.12B,6.766B,2.336B,32.17B,7.60B,18.64B,244.59B,424.00M,23.62B,33.31B,224.48B,220.97B,191.17B,11.62B,10.08B,12.48B
VZ,2015-12,550.00M,4.82B,14.71B,6.489B,3.125B,1.32,1.32,119.50B,220.16B,19.55B,2015-12,1.252B,5.391B,-1.163B,-1.163B,83.54B,45.48B,103.24B,9.744B,21.68B,8.578B,3.065B,34.25B,5.764B,16.43B,244.18B,424.00M,22.36B,35.05B,226.33B,221.82B,191.28B,9.803B,9.362B,13.46B
VZ,2015-09,600.00M,4.181B,13.30B,7.264B,2.829B,0.99,0.99,119.78B,216.67B,19.85B,2015-09,1.319B,4.038B,-1.188B,-1.188B,82.56B,42.90B,105.06B,7.535B,17.72B,6.366B,2.195B,33.16B,8.309B,13.14B,242.07B,424.00M,21.77B,34.49B,227.53B,220.30B,193.04B,12.32B,8.049B,13.10B
VZ,2015-06,821.00M,3.317B,12.45B,4.206B,0,1.04,1.04,119.73B,213.66B,19.78B,2015-06,1.149B,4.231B,-1.165B,-1.165B,82.53B,42.94B,109.46B,7.821B,16.95B,6.627B,2.274B,32.22B,7.974B,11.42B,240.75B,424.00M,21.50B,30.64B,227.88B,219.25B,197.23B,11.95B,0,13.44B
VZ,2015-03,916.00M,4.933B,12.10B,4.439B,0,1.03,1.02,104.78B,210.39B,19.89B,2015-03,1.076B,4.219B,-1.289B,-1.289B,81.64B,42.33B,108.95B,7.96B,15.19B,6.669B,2.331B,31.98B,7.939B,9.339B,235.79B,424.00M,22.84B,28.71B,225.03B,212.95B,196.32B,11.93B,0,12.70B
VZ,2014-12,1.111B,11.15B,14.40B,2.735B,0,-0.54,-0.54,105.71B,230.51B,18.79B,2014-12,1.153B,-2.231B,-1.246B,-1.246B,89.95B,41.56B,110.54B,-2.136B,18.99B,-3.886B,-1.738B,33.19B,16.86B,12.30B,232.62B,424.00M,29.50B,27.99B,218.94B,203.12B,190.95B,20.92B,0,13.99B
VZ,2014-09,1.175B,7.853B,12.25B,1.603B,0,0.89,0.89,105.66B,230.45B,19.33B,2014-09,1.206B,3.695B,-1.227B,-1.227B,89.93B,42.29B,107.63B,6.89B,17.06B,5.658B,1.864B,31.59B,8.277B,16.58B,226.29B,424.00M,24.77B,26.89B,208.32B,201.52B,181.44B,12.44B,0,13.28B
VZ,2014-06,1.188B,6.424B,12.09B,2.283B,0,1.02,1.01,105.71B,227.48B,19.40B,2014-06,1.073B,4.214B,-1.142B,-1.142B,89.71B,42.03B,107.70B,7.685B,16.52B,6.544B,2.22B,31.48B,7.55B,14.90B,224.43B,424.00M,22.89B,26.49B,208.42B,201.54B,181.92B,11.71B,0,12.97B
VZ,2014-03,1.29B,3.544B,11.19B,2.152B,0,1.15,1.15,103.20B,223.84B,19.63B,2014-03,881.00M,3.947B,-1.192B,-1.192B,89.06B,41.60B,107.62B,7.16B,14.98B,6.954B,968.00M,30.82B,8.332B,12.71B,221.56B,424.00M,23.27B,25.35B,207.71B,198.29B,182.36B,12.47B,0,12.13B
VZ,2013-12,2.358B,54.13B,11.96B,3.933B,0,1.77,1.76,106.18B,220.86B,19.10B,2013-12,1.02B,5.067B,-1.038B,-1.038B,88.96B,28.64B,89.66B,12.06B,17.99B,10.76B,2.844B,31.06B,2.857B,38.84B,274.10B,297.00M,70.99B,27.05B,178.68B,203.10B,151.63B,7.04B,0,12.44B
VZ,2013-09,2.118B,57.34B,10.96B,8.202B,3.554B,0.78,0.78,106.57B,218.34B,19.32B,2013-09,1.193B,2.232B,-541.00M,-541.00M,88.53B,25.82B,90.94B,7.128B,15.62B,6.612B,1.034B,30.28B,8.037B,34.98B,276.68B,297.00M,73.70B,30.29B,186.41B,202.97B,156.12B,12.19B,7.509B,12.11B
VZ,2013-06,1.994B,2.406B,11.03B,7.961B,3.411B,0.78,0.78,105.94B,215.22B,18.75B,2013-06,1.04B,2.246B,-500.00M,-500.00M,88.33B,25.70B,41.79B,6.555B,14.67B,6.186B,988.00M,29.79B,8.047B,34.06B,223.35B,297.00M,21.96B,29.19B,136.19B,201.39B,107.00B,12.20B,13.23B,12.22B
VZ,2013-03,2.056B,6.135B,10.93B,10.89B,0,0.68,0.68,105.60B,212.08B,18.49B,2013-03,798.00M,1.952B,-524.00M,-524.00M,88.18B,24.99B,41.99B,6.222B,14.03B,5.719B,864.00M,29.42B,8.148B,33.31B,226.19B,297.00M,25.26B,31.49B,138.60B,200.93B,107.11B,12.27B,11.21B,11.81B
VZ,2012-12,2.235B,3.563B,13.07B,4.369B,0,-1.48,-1.48,107.82B,209.58B,16.98B,2012-12,1.075B,-4.229B,-518.00M,-518.00M,88.64B,24.68B,47.62B,-3.169B,17.68B,-4.736B,-2.81B,30.04B,16.01B,33.16B,225.22B,297.00M,21.24B,26.96B,139.69B,203.99B,112.73B,20.14B,0,12.58B
VZ,2012-09,1.257B,10.31B,10.99B,6.335B,0,0.56,0.56,107.47B,217.00B,18.02B,2012-09,1.223B,1.593B,-632.00M,-632.00M,87.81B,26.47B,46.47B,5.483B,16.00B,4.923B,631.00M,29.01B,8.366B,37.64B,231.08B,297.00M,27.66B,28.77B,138.45B,203.42B,109.68B,12.53B,0,12.03B
VZ,2012-06,1.147B,10.78B,10.90B,5.912B,0,0.64,0.64,102.51B,217.74B,17.66B,2012-06,856.00M,1.825B,-679.00M,-679.00M,87.90B,25.65B,46.48B,5.651B,13.97B,5.078B,793.00M,28.55B,7.877B,37.15B,226.07B,297.00M,27.13B,26.35B,135.64B,198.94B,109.29B,12.00B,0,11.60B
VZ,2012-03,1.398B,6.532B,11.32B,3.121B,0,0.59,0.59,102.50B,218.25B,16.92B,2012-03,1.063B,1.686B,-685.00M,-685.00M,88.19B,25.61B,48.48B,5.195B,19.79B,4.632B,726.00M,28.24B,7.70B,36.67B,222.92B,297.00M,23.51B,22.91B,134.50B,199.41B,111.59B,11.73B,0,11.23B
VZ,2011-12,1.269B,13.95B,12.09B,4.849B,0,-0.71,-0.71,102.48B,215.63B,16.35B,2011-12,940.00M,-2.023B,-686.00M,-686.00M,88.43B,25.06B,50.30B,-1.112B,20.63B,-1.802B,-1.59B,28.44B,13.28B,35.97B,230.46B,297.00M,30.94B,30.76B,144.55B,199.52B,113.79B,17.46B,0,11.78B
VZ,2011-09,1.037B,10.86B,11.40B,8.63B,0,0.49,0.49,102.66B,214.80B,16.52B,2011-09,1.153B,1.379B,-682.00M,-682.00M,88.84B,26.41B,46.28B,4.647B,14.49B,4.098B,556.00M,27.91B,7.689B,39.05B,228.03B,297.00M,27.77B,34.64B,140.52B,200.26B,105.88B,11.87B,0,11.65B
VZ,2011-06,1.354B,6.828B,11.16B,6.055B,0,0.57,0.57,102.58B,212.95B,16.38B,2011-06,1.27B,1.609B,-701.00M,-701.00M,89.40B,24.60B,47.93B,4.892B,14.24B,4.306B,702.00M,27.54B,7.373B,39.35B,223.76B,297.00M,22.47B,27.37B,133.04B,201.28B,105.67B,11.49B,0,11.48B
