Ticker,Date,Accrued Comprehensive Inc,Cash and Short Term Investments,Cost of Goods Sold,Current Debt & Capital Lease Obligation,Current Deferred Liabilities,EPS Basic,EPS Diluted,Goodwill and Intangibles,Gross PP&E,Gross Profit,Income (Quarterly),Inventories,Net Income,Net Non-Operating Interest Income Expense,Net Operating Interest Income,Net PP&E,Non-Current Deferred Liabilities,Non-Current Portion of LTD and Capital Lease Obligation,Operating Income,Payables and Accrued Expenses,Pre-Tax Income,Provision for Income Taxes,Research and Development Expense,Revenue,SG&A Expense,Shareholders Equity,Total Assets,Total Capital Stock,Total Current Assets,Total Current Liabilities,Total Liabilities,Total Long Term Assets,Total Long Term Liabilities,Total Operating Expenses,Total Payables,Total Receivables
WAT,2020-12,-117.94M,443.15M,320.57M,177.76M,198.24M,3.51,3.49,703.01M,1.221B,466.09M,2020-12,304.28M,218.31M,-6.834M,-6.834M,587.26M,0,1.275B,270.66M,159.72M,257.25M,38.94M,39.66M,786.66M,153.08M,232.14M,2.840B,1.617M,1.401B,804.98M,2.608B,1.439B,1.803B,195.43M,148.77M,573.32M
WAT,2020-09,-126.68M,397.07M,262.34M,176.74M,211.35M,2.04,2.03,686.25M,556.48M,331.44M,2020-09,326.95M,126.77M,-6.908M,-6.908M,556.48M,0,1.484B,158.38M,131.06M,150.44M,23.67M,34.97M,593.78M,135.43M,-41.58M,2.679B,1.614M,1.292B,722.19M,2.721B,1.388B,1.999B,173.06M,120.80M,494.43M
WAT,2020-06,-126.89M,355.76M,213.13M,176.86M,213.40M,1.98,1.98,676.48M,547.79M,306.85M,2020-06,344.01M,122.93M,-9.015M,-9.015M,547.79M,0,1.610B,155.63M,148.28M,145.36M,22.43M,31.16M,519.98M,117.45M,-191.74M,2.648B,1.613M,1.269B,697.32M,2.840B,1.379B,2.143B,151.22M,138.17M,496.28M
WAT,2020-03,-138.42M,393.87M,210.64M,78.00M,218.21M,0.86,0.86,667.18M,530.08M,254.30M,2020-03,344.01M,53.56M,-10.04M,-10.04M,530.08M,0,1.910B,68.95M,118.95M,57.86M,4.301M,34.99M,464.94M,147.74M,-338.00M,2.667B,1.613M,1.328B,551.05M,3.005B,1.339B,2.453B,185.35M,107.93M,522.21M
WAT,2019-12,-119.47M,337.14M,299.07M,127.49M,176.36M,3.15,3.12,596.33M,1.081B,417.23M,2019-12,320.55M,200.67M,-9.806M,-9.806M,510.70M,0,1.648B,236.42M,106.93M,224.39M,23.72M,37.07M,716.29M,141.21M,-216.28M,2.557B,1.61M,1.312B,591.33M,2.773B,1.245B,2.182B,180.81M,94.97M,587.73M
WAT,2019-09,-119.58M,404.65M,241.06M,123.99M,197.40M,2.09,2.07,591.55M,466.61M,336.22M,2019-09,368.79M,138.13M,-8.001M,-8.001M,466.61M,0,1.317B,173.24M,143.87M,164.74M,26.60M,34.33M,577.28M,126.04M,115.50M,2.561B,1.609M,1.344B,597.15M,2.446B,1.217B,1.849B,162.99M,114.38M,504.86M
WAT,2019-06,-115.10M,675.77M,249.55M,125.40M,220.71M,2.09,2.08,599.98M,459.94M,349.62M,2019-06,351.55M,144.41M,-5.577M,-5.577M,459.94M,0,1.115B,177.65M,127.37M,171.74M,27.32M,36.49M,599.16M,133.21M,556.24M,2.823B,1.608M,1.620B,611.70M,2.267B,1.203B,1.655B,171.96M,105.91M,518.52M
WAT,2019-03,-108.64M,1.167B,221.03M,127.19M,222.26M,1.52,1.51,600.05M,450.64M,292.83M,2019-03,333.31M,108.99M,-3.248M,-3.248M,450.64M,0,1.116B,121.15M,128.89M,117.38M,8.392M,35.06M,513.86M,134.34M,967.74M,3.250B,1.608M,2.078B,603.28M,2.282B,1.172B,1.679B,171.68M,92.22M,508.28M
WAT,2018-12,-117.97M,1.735B,286.87M,0.178M,164.96M,2.48,2.46,602.52M,871.87M,428.15M,2018-12,291.57M,185.15M,-1.225M,-1.225M,343.08M,0,1.148B,244.85M,103.41M,197.81M,12.65M,38.11M,715.02M,142.85M,1.567B,3.727B,1.605M,2.663B,448.93M,2.160B,1.064B,1.711B,183.30M,91.11M,568.32M
WAT,2018-09,-125.79M,2.084B,241.14M,0.284M,186.48M,1.84,1.83,610.70M,338.47M,336.88M,2018-09,313.61M,141.01M,-1.633M,-1.633M,338.47M,0,1.148B,172.60M,137.31M,169.23M,28.22M,35.17M,578.02M,127.00M,1.876B,4.043B,1.604M,2.971B,448.12M,2.167B,1.072B,1.719B,164.28M,125.11M,489.19M
WAT,2018-06,-132.90M,2.248B,243.14M,0.499M,203.72M,2,1.98,575.68M,335.71M,353.08M,2018-06,299.60M,155.68M,-2.804M,-2.804M,335.71M,0,1.148B,179.19M,148.11M,174.56M,18.88M,35.64M,596.22M,136.64M,1.975B,4.158B,1.603M,3.124B,474.92M,2.183B,1.034B,1.708B,173.89M,135.62M,492.83M
WAT,2018-03,-88.63M,2.552B,221.42M,0.354M,214.98M,1.42,1.4,594.06M,349.32M,309.25M,2018-03,299.61M,111.95M,-4.172M,-4.172M,349.32M,0,1.248B,142.70M,183.53M,140.55M,28.60M,34.48M,530.67M,130.41M,2.115B,4.489B,1.602M,3.439B,534.35M,2.375B,1.051B,1.840B,166.55M,170.90M,502.97M
WAT,2017-12,-110.07M,3.394B,270.45M,100.27M,166.84M,-4.44,-4.44,588.21M,838.36M,416.82M,2017-12,270.29M,-353.17M,-4.432M,-4.432M,349.28M,0,1.898B,231.67M,150.57M,225.74M,578.91M,35.12M,687.28M,148.39M,2.234B,5.324B,1.598M,4.270B,606.16M,3.091B,1.054B,2.484B,185.15M,137.54M,533.82M
WAT,2017-09,-120.43M,3.255B,235.89M,225.42M,185.52M,1.71,1.69,583.43M,342.83M,329.69M,2017-09,297.85M,136.10M,-5.234M,-5.234M,342.83M,0,1.732B,159.02M,103.96M,153.80M,17.70M,33.78M,565.58M,135.21M,2.629B,5.163B,1.596M,4.079B,662.15M,2.534B,1.084B,1.872B,170.67M,91.11M,456.33M
WAT,2017-06,-147.78M,3.126B,229.63M,225.23M,208.61M,1.65,1.63,576.21M,338.86M,328.62M,2017-06,287.14M,131.82M,-5.713M,-5.713M,338.86M,0,1.687B,163.90M,85.32M,148.07M,16.25M,32.94M,558.25M,130.09M,2.519B,4.997B,1.594M,3.947B,653.29M,2.478B,1.050B,1.825B,164.72M,72.46M,462.81M
WAT,2017-03,-186.54M,2.966B,211.10M,225.28M,201.98M,1.32,1.31,564.84M,334.38M,286.87M,2017-03,279.98M,105.56M,-5.382M,-5.382M,334.38M,0,1.642B,118.72M,82.82M,113.49M,7.93M,35.75M,497.97M,130.67M,2.395B,4.811B,1.592M,3.778B,632.21M,2.416B,1.032B,1.784B,168.15M,69.82M,461.76M
WAT,2016-12,-216.28M,2.813B,251.58M,125.30M,148.84M,2.17,2.15,559.14M,768.55M,377.21M,2016-12,262.68M,174.38M,-5.756M,-5.756M,337.12M,0,1.702B,212.56M,96.38M,202.58M,28.20M,32.75M,628.79M,129.54M,2.302B,4.662B,1.586M,3.635B,520.32M,2.360B,1.027B,1.840B,164.65M,82.98M,489.34M
WAT,2016-09,-155.40M,2.713B,218.34M,125.18M,174.72M,1.55,1.53,578.06M,329.72M,308.49M,2016-09,303.18M,124.86M,-6.281M,-6.281M,329.72M,0,1.657B,151.73M,94.91M,145.45M,20.59M,30.42M,526.83M,123.86M,2.259B,4.577B,1.586M,3.534B,519.50M,2.318B,1.042B,1.798B,156.76M,81.38M,441.77M
WAT,2016-06,-156.93M,2.600B,220.38M,125.26M,190.90M,1.59,1.57,570.38M,330.24M,316.18M,2016-06,286.45M,128.22M,-6.156M,-6.156M,330.24M,0,1.632B,151.61M,86.34M,145.46M,17.24M,32.58M,536.56M,129.58M,2.149B,4.448B,1.581M,3.406B,522.60M,2.299B,1.042B,1.776B,164.57M,73.41M,445.95M
WAT,2016-03,-127.95M,2.505B,201.15M,125.50M,190.60M,1.16,1.15,580.24M,336.80M,274.10M,2016-03,287.05M,94.05M,-6.032M,-6.032M,336.80M,0,1.593B,112.66M,96.90M,106.63M,12.58M,29.44M,475.25M,129.35M,2.102B,4.368B,1.579M,3.311B,524.03M,2.267B,1.058B,1.743B,161.43M,84.06M,439.58M
WAT,2015-12,-146.73M,2.399B,237.92M,175.31M,141.50M,1.85,1.83,574.89M,704.53M,348.70M,2015-12,263.42M,151.05M,-6.07M,-6.07M,333.36M,0,1.493B,185.25M,98.82M,175.24M,24.18M,32.19M,586.61M,128.68M,2.059B,4.269B,1.577M,3.214B,564.08M,2.210B,1.055B,1.646B,163.45M,85.47M,468.32M
WAT,2015-09,-126.82M,2.311B,206.80M,175.18M,157.99M,1.42,1.4,574.96M,325.55M,293.77M,2015-09,281.79M,116.28M,-6.281M,-6.281M,325.55M,0,1.455B,135.84M,80.20M,129.56M,13.28M,30.70M,500.58M,124.66M,1.969B,4.121B,1.573M,3.094B,535.95M,2.153B,1.027B,1.617B,157.93M,67.10M,416.31M
WAT,2015-06,-118.27M,2.209B,208.71M,175.30M,170.66M,1.28,1.27,576.50M,324.90M,286.03M,2015-06,272.93M,105.66M,-6.546M,-6.546M,324.90M,0,1.385B,130.32M,100.46M,123.77M,18.12M,30.56M,494.74M,122.66M,1.933B,4.029B,1.572M,3.007B,546.69M,2.096B,1.022B,1.550B,155.72M,87.42M,406.58M
WAT,2015-03,-138.38M,2.109B,189.25M,175.32M,167.34M,1.16,1.15,563.13M,316.81M,271.16M,2015-03,257.53M,96.06M,-6.635M,-6.635M,316.81M,0,1.31B,119.98M,96.23M,113.35M,17.29M,28.95M,460.40M,119.75M,1.862B,3.873B,1.57M,2.876B,538.47M,2.010B,996.75M,1.472B,151.18M,83.36M,394.37M
WAT,2014-12,-78.70M,2.055B,233.12M,225.23M,129.71M,1.82,1.8,584.66M,684.61M,350.75M,2014-12,246.43M,151.29M,-7.566M,-7.566M,321.58M,0,1.237B,172.04M,94.11M,164.47M,13.18M,44.18M,583.87M,131.92M,1.895B,3.875B,1.567M,2.817B,580.49M,1.980B,1.058B,1.400B,178.71M,80.85M,433.62M
WAT,2014-09,-10.08M,1.946B,202.22M,225.01M,147.33M,1.36,1.34,600.12M,322.92M,290.94M,2014-09,269.10M,113.50M,-7.30M,-7.30M,322.92M,0,1.205B,138.71M,87.44M,131.41M,17.92M,27.28M,493.16M,122.23M,1.842B,3.752B,1.562M,2.699B,574.48M,1.910B,1.052B,1.335B,152.23M,74.96M,393.17M
WAT,2014-06,39.08M,1.918B,201.85M,233.40M,164.18M,1.14,1.13,591.14M,328.60M,279.95M,2014-06,272.76M,96.53M,-6.271M,-6.271M,328.60M,0,1.16B,118.40M,81.52M,112.12M,15.60M,26.98M,481.80M,131.93M,1.843B,3.728B,1.561M,2.681B,594.59M,1.884B,1.047B,1.289B,161.55M,69.04M,401.92M
WAT,2014-03,32.46M,1.853B,187.72M,232.10M,161.88M,0.83,0.82,591.73M,329.88M,242.79M,2014-03,266.63M,70.30M,-6.031M,-6.031M,329.88M,0,1.10B,88.76M,89.53M,82.73M,12.43M,24.75M,430.51M,126.64M,1.819B,3.650B,1.56M,2.608B,584.45M,1.830B,1.042B,1.246B,154.03M,76.73M,401.41M
WAT,2013-12,5.879M,1.804B,228.99M,133.35M,128.06M,1.67,1.65,589.46M,659.35M,336.46M,2013-12,242.80M,141.58M,-6.852M,-6.852M,324.93M,0,1.19B,176.18M,97.69M,169.32M,27.74M,26.98M,565.45M,130.68M,1.763B,3.583B,1.552M,2.556B,487.53M,1.819B,1.026B,1.332B,160.28M,84.73M,430.98M
WAT,2013-09,-25.17M,1.699B,191.57M,133.76M,134.54M,1.15,1.14,571.17M,313.67M,265.75M,2013-09,256.98M,98.05M,-6.412M,-6.412M,313.67M,0,1.16B,119.07M,114.43M,112.66M,14.61M,23.60M,457.32M,120.56M,1.619B,3.425B,1.546M,2.429B,492.90M,1.807B,996.24M,1.314B,146.68M,102.47M,373.84M
WAT,2013-06,-53.59M,1.650B,188.33M,132.91M,142.72M,1.04,1.03,534.67M,295.74M,262.79M,2013-06,242.64M,89.31M,-6.401M,-6.401M,295.74M,70.34M,1.135B,112.69M,89.68M,104.72M,15.40M,24.65M,451.12M,123.06M,1.520B,3.286B,1.543M,2.344B,474.95M,1.765B,941.25M,1.290B,150.09M,77.57M,365.22M
WAT,2013-03,-54.67M,1.590B,174.57M,133.23M,145.34M,1.41,1.39,530.14M,282.72M,255.77M,2013-03,235.88M,121.06M,-5.998M,-5.998M,282.72M,71.01M,1.10B,109.40M,100.26M,103.41M,-17.65M,25.31M,430.34M,118.66M,1.476B,3.207B,1.541M,2.288B,476.87M,1.731B,919.64M,1.254B,146.36M,87.61M,377.41M
WAT,2012-12,-26.40M,1.539B,208.36M,132.78M,121.47M,2.03,2,536.98M,587.32M,313.40M,2012-12,229.56M,175.94M,-6.373M,-6.373M,273.28M,72.03M,1.045B,163.84M,127.96M,153.03M,-22.91M,24.96M,521.77M,122.15M,1.467B,3.168B,1.537M,2.258B,504.24M,1.701B,910.42M,1.197B,149.56M,115.61M,404.56M
WAT,2012-09,-29.49M,1.448B,182.70M,447.70M,128.07M,1.13,1.12,529.14M,518.08M,267.25M,2012-09,246.99M,99.11M,-5.923M,-5.923M,261.12M,77.54M,700.00M,121.74M,93.85M,115.82M,16.71M,23.76M,449.95M,115.32M,1.330B,2.997B,1.535M,2.137B,767.56M,1.667B,859.64M,899.70M,145.50M,80.97M,362.37M
WAT,2012-06,-53.59M,1.392B,179.26M,401.35M,133.39M,1.11,1.09,505.78M,0,272.21M,2012-06,236.76M,97.72M,-5.847M,-5.847M,251.36M,77.59M,700.00M,123.12M,88.70M,114.28M,16.55M,23.94M,451.46M,122.68M,1.263B,2.884B,1.534M,2.065B,721.66M,1.621B,818.26M,899.22M,149.08M,76.45M,355.14M
WAT,2012-03,-22.94M,1.354B,167.29M,323.62M,136.08M,1,0.98,514.44M,0,253.17M,2012-03,233.36M,88.67M,-5.722M,-5.722M,238.96M,78.86M,700.00M,110.22M,94.33M,104.50M,15.83M,23.35M,420.46M,117.12M,1.288B,2.839B,1.534M,2.023B,648.28M,1.552B,815.94M,903.60M,142.95M,81.52M,353.75M
WAT,2011-12,-36.06M,1.281B,204.24M,290.83M,109.92M,1.53,1.51,489.06M,0,317.18M,2011-12,212.86M,137.15M,-6.193M,-6.193M,237.10M,0,700.00M,164.87M,78.02M,158.68M,21.53M,23.71M,521.42M,126.24M,1.227B,2.723B,1.528M,1.942B,601.86M,1.497B,781.13M,894.79M,152.30M,64.77M,367.08M
WAT,2011-09,-0.783M,1.194B,180.32M,271.58M,129.65M,1.12,1.1,494.60M,0,274.22M,2011-09,246.26M,101.26M,-5.546M,-5.546M,221.06M,0,700.00M,127.26M,102.85M,121.72M,20.46M,23.37M,454.53M,121.21M,1.159B,2.640B,1.524M,1.863B,605.58M,1.481B,776.26M,874.95M,146.95M,90.35M,354.44M
WAT,2011-06,32.50M,1.122B,176.10M,136.18M,142.96M,1.09,1.07,489.09M,0,271.52M,2011-06,243.18M,100.08M,-4.239M,-4.239M,218.64M,0,700.00M,120.57M,88.71M,116.33M,16.25M,23.01M,447.63M,125.44M,1.226B,2.572B,1.523M,1.800B,467.30M,1.346B,771.85M,879.02M,150.96M,76.41M,365.33M
WAT,2011-03,22.28M,1.039B,169.83M,390.35M,133.78M,1.03,1.01,484.95M,0,257.77M,2011-03,223.88M,94.49M,-3.37M,-3.37M,216.99M,0,400.00M,115.90M,102.47M,112.52M,18.04M,22.25M,427.60M,117.12M,1.151B,2.447B,1.517M,1.683B,716.23M,1.296B,763.83M,580.14M,141.88M,90.54M,349.40M
