Ticker,Date,Accrued Comprehensive Inc,Cash and Short Term Investments,Cost of Goods Sold,Current Debt & Capital Lease Obligation,EPS Basic,EPS Diluted,Goodwill and Intangibles,Gross PP&E,Gross Profit,Income (Quarterly),Inventories,Net Income,Net Non-Operating Interest Income Expense,Net Operating Interest Income,Net PP&E,Non-Current Deferred Liabilities,Non-Current Portion of LTD and Capital Lease Obligation,Operating Income,Payables and Accrued Expenses,Pre-Tax Income,Provision for Income Taxes,Revenue,SG&A Expense,Shareholders Equity,Total Assets,Total Capital Stock,Total Current Assets,Total Current Liabilities,Total Liabilities,Total Long Term Assets,Total Long Term Liabilities,Total Operating Expenses,Total Payables,Total Receivables
WBA,2021-02,-3.306B,1.03B,26.00B,7.521B,1.19,1.19,22.95B,34.50B,6.781B,2021-02,8.541B,1.026B,-137.00M,-137.00M,34.50B,1.232B,33.13B,752.00M,17.50B,946.00M,42.00M,32.78B,6.029B,21.11B,90.92B,12.00M,26.08B,31.25B,69.30B,64.84B,38.05B,6.029B,11.10B,4.878B
WBA,2020-11,-3.682B,1.111B,29.17B,7.681B,-0.36,-0.36,26.00B,35.23B,7.139B,2020-11,11.18B,-308.00M,-140.00M,-140.00M,35.23B,1.277B,33.14B,932.00M,22.70B,-520.00M,-199.00M,36.31B,6.207B,20.06B,89.17B,12.00M,21.08B,30.38B,68.60B,68.08B,38.22B,6.207B,16.38B,7.869B
WBA,2020-08,-3.771B,516.00M,27.94B,5.965B,0.43,0.43,26.02B,47.52B,6.803B,2020-08,9.451B,373.00M,-157.00M,-157.00M,35.06B,1.498B,34.18B,593.00M,21.11B,537.00M,208.00M,34.75B,6.21B,20.64B,87.17B,12.00M,18.07B,27.07B,66.04B,69.10B,38.97B,6.21B,14.57B,7.132B
WBA,2020-05,-3.871B,768.00M,28.19B,6.668B,-1.95,-1.95,25.13B,34.68B,6.438B,2020-05,9.563B,-1.708B,-155.00M,-155.00M,34.68B,1.538B,34.05B,-1.827B,19.98B,-1.773B,-40.00M,34.63B,8.265B,20.74B,86.44B,12.00M,18.33B,26.65B,65.12B,68.12B,38.47B,8.265B,14.12B,6.982B
WBA,2020-02,-3.407B,792.00M,24.32B,8.263B,1.07,1.07,27.72B,35.24B,7.017B,2020-02,9.652B,946.00M,-156.00M,-156.00M,35.24B,1.637B,32.58B,1.108B,20.40B,1.008B,149.00M,31.34B,5.909B,23.72B,90.00B,12.00M,18.91B,28.66B,65.67B,71.09B,37.01B,5.909B,14.99B,7.572B
WBA,2019-11,-3.313B,811.00M,27.08B,8.512B,0.95,0.95,27.86B,35.29B,7.263B,2019-11,10.54B,845.00M,-166.00M,-166.00M,35.29B,1.618B,32.52B,1.001B,20.98B,882.00M,32.00M,34.34B,6.262B,23.66B,90.81B,12.00M,19.60B,29.49B,66.49B,71.20B,37.00B,6.262B,15.61B,7.435B
WBA,2019-08,-3.897B,1.023B,26.73B,5.738B,0.75,0.75,27.44B,24.79B,7.227B,2019-08,9.333B,677.00M,-175.00M,-175.00M,13.48B,1.785B,11.10B,819.00M,20.03B,708.00M,26.00M,33.95B,6.408B,23.51B,67.60B,12.00M,18.70B,25.77B,43.45B,48.90B,17.68B,6.408B,14.56B,7.226B
WBA,2019-05,-3.393B,839.00M,27.14B,5.482B,1.13,1.13,28.04B,13.72B,7.453B,2019-05,9.874B,1.025B,-187.00M,-187.00M,13.72B,1.86B,12.13B,1.218B,19.58B,1.198B,156.00M,34.59B,6.235B,24.13B,68.59B,12.00M,19.02B,25.06B,43.82B,49.56B,18.76B,6.235B,14.39B,7.239B
WBA,2019-02,-2.705B,818.00M,26.77B,5.356B,1.25,1.24,28.96B,13.83B,7.754B,2019-02,10.19B,1.156B,-181.00M,-181.00M,13.83B,1.982B,12.68B,1.434B,19.95B,1.356B,226.00M,34.53B,6.32B,24.77B,70.43B,12.00M,19.85B,25.30B,45.02B,50.58B,19.72B,6.32B,14.51B,7.828B
WBA,2018-11,-3.231B,980.00M,26.15B,4.344B,1.18,1.18,28.39B,13.82B,7.641B,2018-11,10.98B,1.123B,-161.00M,-161.00M,13.82B,1.793B,11.65B,1.361B,20.76B,1.265B,180.00M,33.79B,6.28B,25.61B,69.94B,12.00M,20.08B,25.10B,43.68B,49.86B,18.58B,6.28B,15.27B,7.144B
WBA,2018-08,-3.002B,785.00M,25.87B,1.966B,1.55,1.55,28.70B,24.42B,7.575B,2018-08,9.565B,1.512B,-159.00M,-159.00M,13.91B,1.815B,12.43B,1.347B,19.70B,1.661B,159.00M,33.44B,6.228B,26.01B,68.12B,12.00M,17.85B,21.67B,41.44B,50.28B,19.77B,6.228B,13.84B,6.573B
WBA,2018-05,-2.792B,1.818B,26.55B,2.587B,1.35,1.35,29.20B,13.94B,7.78B,2018-05,9.889B,1.342B,-157.00M,-157.00M,13.94B,1.973B,12.46B,1.545B,18.90B,1.44B,109.00M,34.33B,6.235B,27.74B,70.15B,12.00M,19.99B,21.48B,41.68B,50.16B,20.20B,6.235B,13.46B,7.159B
WBA,2018-02,-2.163B,1.749B,24.92B,3.14B,1.36,1.36,29.24B,14.04B,8.096B,2018-02,10.32B,1.349B,-151.00M,-151.00M,14.04B,1.946B,12.53B,1.775B,19.42B,1.838B,503.00M,33.02B,6.321B,27.36B,70.82B,12.00M,20.36B,22.56B,42.64B,50.46B,20.08B,6.321B,13.74B,7.281B
WBA,2017-11,-2.543B,1.83B,23.40B,1.268B,0.82,0.81,26.52B,13.69B,7.341B,2017-11,10.01B,821.00M,-149.00M,-149.00M,13.69B,2.319B,12.74B,1.431B,19.25B,1.036B,227.00M,30.74B,5.91B,25.93B,66.62B,12.00M,19.68B,20.52B,39.86B,46.94B,19.34B,5.91B,14.07B,6.858B
WBA,2017-08,-3.051B,3.301B,22.81B,251.00M,0.76,0.76,25.79B,22.96B,7.34B,2017-08,8.899B,802.00M,-193.00M,-193.00M,13.64B,2.281B,12.68B,1.049B,18.30B,932.00M,126.00M,30.15B,6.291B,27.47B,66.01B,12.00M,19.75B,18.55B,37.74B,46.26B,19.19B,6.291B,12.82B,6.528B
WBA,2017-05,-3.303B,12.25B,22.97B,4.838B,1.08,1.07,25.72B,13.54B,7.145B,2017-05,8.681B,1.162B,-155.00M,-155.00M,13.54B,2.403B,14.37B,1.433B,16.88B,1.354B,168.00M,30.12B,5.712B,30.60B,74.17B,12.00M,28.15B,21.71B,42.69B,46.02B,20.98B,5.712B,11.81B,6.339B
WBA,2017-02,-3.809B,11.82B,21.88B,1.153B,0.98,0.98,24.86B,13.53B,7.561B,2017-02,9.23B,1.06B,-172.00M,-172.00M,13.53B,2.339B,17.76B,1.437B,16.52B,1.292B,246.00M,29.45B,6.124B,30.07B,72.50B,12.00M,27.51B,17.68B,42.08B,45.00B,24.41B,6.124B,11.59B,5.674B
WBA,2016-11,-3.81B,9.598B,21.38B,1.095B,0.97,0.97,24.93B,13.71B,7.116B,2016-11,10.04B,1.054B,-173.00M,-173.00M,13.71B,2.516B,17.78B,1.43B,16.63B,1.275B,220.00M,28.50B,5.686B,29.32B,71.91B,12.00M,26.67B,17.73B,42.22B,45.24B,24.49B,5.686B,11.75B,6.138B
WBA,2016-08,-2.992B,9.807B,21.48B,323.00M,0.95,0.95,25.83B,22.94B,7.155B,2016-08,8.956B,1.03B,-171.00M,-171.00M,14.34B,2.644B,18.70B,1.106B,12.60B,1.233B,207.00M,28.64B,6.049B,29.88B,72.69B,12.00M,25.88B,17.01B,42.41B,46.80B,25.39B,6.049B,11.21B,6.26B
WBA,2016-05,-1.277B,3.291B,22.06B,374.00M,1.02,1.01,27.66B,14.49B,7.433B,2016-05,8.931B,1.103B,-147.00M,-147.00M,14.49B,3.058B,13.15B,1.53B,15.44B,1.414B,322.00M,29.50B,5.903B,30.88B,67.33B,12.00M,19.71B,15.81B,36.02B,47.62B,20.21B,5.903B,10.58B,6.508B
WBA,2016-02,-1.868B,3.586B,22.32B,1.052B,0.86,0.85,26.92B,14.55B,7.867B,2016-02,9.025B,930.00M,-140.00M,-140.00M,14.55B,3.107B,12.97B,1.86B,15.22B,1.224B,301.00M,30.18B,6.007B,29.51B,66.38B,12.00M,20.38B,16.27B,36.47B,46.01B,20.20B,6.007B,10.17B,6.733B
WBA,2015-11,-658.00M,2.57B,21.61B,1.083B,1.02,1.01,28.24B,14.88B,7.419B,2015-11,9.884B,1.11B,-138.00M,-138.00M,14.88B,3.313B,13.19B,1.468B,15.79B,1.273B,167.00M,29.03B,5.951B,30.71B,68.66B,12.00M,20.23B,16.87B,37.50B,48.43B,20.63B,5.951B,10.90B,6.821B
WBA,2015-08,-214.00M,3.00B,21.43B,1.068B,0.02,0.02,28.72B,22.61B,7.094B,2015-08,8.678B,26.00M,-255.00M,-255.00M,15.07B,3.538B,13.32B,836.00M,11.62B,-41.00M,-64.00M,28.52B,6.258B,30.86B,68.78B,12.00M,19.66B,16.56B,37.48B,49.12B,20.92B,6.258B,10.26B,6.849B
WBA,2015-05,-141.00M,4.449B,21.31B,1.192B,1.19,1.18,28.59B,15.24B,7.481B,2015-05,8.764B,1.302B,-151.00M,-151.00M,15.24B,3.532B,15.06B,1.401B,14.96B,1.711B,408.00M,28.80B,6.08B,31.56B,70.64B,12.00M,21.03B,16.16B,38.72B,49.62B,22.56B,6.08B,10.12B,6.899B
WBA,2015-02,-68.00M,3.005B,19.69B,1.061B,1.96,1.93,29.27B,15.65B,6.882B,2015-02,9.379B,2.042B,-144.00M,-144.00M,15.65B,3.689B,16.00B,1.276B,15.63B,2.443B,391.00M,26.57B,5.606B,30.81B,71.36B,12.00M,20.72B,16.69B,40.33B,50.64B,23.64B,5.606B,10.49B,7.017B
WBA,2014-11,222.00M,12.86B,14.26B,774.00M,0.9,0.89,3.477B,12.10B,5.296B,2014-11,6.518B,850.00M,-55.00M,-55.00M,12.10B,1.131B,13.76B,840.00M,9.103B,1.198B,321.00M,19.55B,4.456B,20.64B,48.61B,80.00M,23.28B,9.877B,27.84B,25.33B,17.97B,4.456B,5.507B,3.579B
WBA,2014-08,136.00M,2.646B,13.73B,774.00M,-0.25,-0.25,3.539B,19.10B,5.327B,2014-08,6.076B,-221.00M,-43.00M,-43.00M,12.26B,1.08B,3.716B,834.00M,5.543B,172.00M,359.00M,19.06B,4.493B,20.51B,37.25B,80.00M,12.24B,8.895B,16.63B,25.01B,7.738B,4.493B,4.42B,3.218B
WBA,2014-05,202.00M,2.126B,13.96B,780.00M,0.75,0.74,3.597B,12.09B,5.44B,2014-05,6.439B,714.00M,-35.00M,-35.00M,12.09B,1.01B,3.747B,889.00M,7.629B,1.113B,357.00M,19.40B,4.551B,21.42B,37.39B,80.00M,11.93B,8.409B,15.91B,25.46B,7.497B,4.551B,4.259B,3.029B
WBA,2014-02,126.00M,1.777B,13.96B,577.00M,0.75,0.74,3.755B,12.14B,5.65B,2014-02,7.213B,716.00M,-37.00M,-37.00M,12.14B,878.00M,4.489B,1.081B,7.922B,1.121B,391.00M,19.60B,4.569B,20.78B,37.08B,80.00M,12.04B,8.499B,16.25B,25.04B,7.749B,4.569B,4.642B,2.774B
WBA,2013-11,22.00M,969.00M,13.18B,571.00M,0.73,0.72,3.799B,12.35B,5.152B,2013-11,7.729B,695.00M,-41.00M,-41.00M,12.35B,778.00M,4.501B,773.00M,8.25B,1.108B,404.00M,18.33B,4.379B,20.02B,36.48B,80.00M,11.72B,8.821B,16.42B,24.76B,7.604B,4.379B,5.04B,2.727B
WBA,2013-08,-98.00M,2.106B,12.75B,570.00M,0.69,0.69,3.717B,18.18B,5.191B,2013-08,6.852B,755.00M,-55.00M,-55.00M,12.14B,600.00M,4.477B,905.00M,6.608B,1.169B,414.00M,17.94B,4.286B,19.45B,35.48B,80.00M,11.87B,8.883B,16.03B,23.61B,7.144B,4.286B,5.156B,2.632B
WBA,2013-05,-121.00M,2.994B,13.09B,1.865B,0.66,0.65,3.739B,12.08B,5.222B,2013-05,6.881B,624.00M,-50.00M,-50.00M,12.08B,577.00M,4.501B,860.00M,7.825B,1.018B,394.00M,18.31B,4.362B,18.98B,35.84B,80.00M,12.57B,9.69B,16.86B,23.27B,7.171B,4.362B,4.604B,2.418B
WBA,2013-02,35.00M,2.431B,13.04B,1.299B,0.8,0.79,3.746B,12.05B,5.607B,2013-02,7.253B,756.00M,-23.00M,-23.00M,12.05B,517.00M,5.058B,1.11B,7.726B,1.192B,436.00M,18.65B,4.497B,18.97B,35.56B,80.00M,12.43B,9.025B,16.59B,23.13B,7.566B,4.497B,4.497B,2.481B
WBA,2012-11,45.00M,1.829B,12.22B,1.316B,0.44,0.43,3.745B,17.16B,5.099B,2012-11,7.821B,413.00M,-37.00M,-37.00M,12.11B,559.00M,5.069B,701.00M,8.004B,668.00M,255.00M,17.32B,4.398B,18.38B,35.26B,80.00M,12.16B,9.32B,16.88B,23.10B,7.56B,4.398B,4.976B,2.264B
WBA,2012-08,68.00M,1.297B,12.24B,1.319B,0.4,0.39,3.447B,15.83B,4.835B,2012-08,7.036B,353.00M,-37.00M,-37.00M,12.04B,545.00M,4.073B,586.00M,6.044B,549.00M,196.00M,17.07B,4.249B,18.24B,33.46B,80.00M,10.76B,8.722B,15.23B,22.70B,6.504B,4.249B,4.838B,2.167B
WBA,2012-05,15.00M,1.995B,12.74B,13.00M,0.63,0.62,3.456B,0,5.014B,2012-05,7.004B,537.00M,-17.00M,-17.00M,11.79B,368.00M,2.387B,873.00M,7.488B,856.00M,319.00M,17.75B,4.141B,15.04B,27.20B,80.00M,11.57B,7.501B,12.16B,15.63B,4.658B,4.141B,4.637B,2.294B
WBA,2012-02,15.00M,1.084B,13.26B,12.00M,0.79,0.78,3.331B,0,5.389B,2012-02,7.347B,683.00M,-17.00M,-17.00M,11.70B,295.00M,2.381B,1.105B,7.242B,1.088B,405.00M,18.65B,4.284B,14.82B,26.62B,80.00M,11.21B,7.254B,11.81B,15.41B,4.552B,4.284B,4.469B,2.509B
WBA,2011-11,15.00M,1.094B,13.05B,11.00M,0.63,0.63,3.228B,0,5.104B,2011-11,8.231B,554.00M,-17.00M,-17.00M,11.70B,284.00M,2.39B,900.00M,8.218B,883.00M,329.00M,18.16B,4.204B,14.67B,27.43B,80.00M,12.11B,8.229B,12.76B,15.32B,4.526B,4.204B,5.127B,2.586B
WBA,2011-08,16.00M,1.556B,12.90B,13.00M,0.88,0.87,3.229B,0,5.069B,2011-08,8.044B,792.00M,-15.00M,-15.00M,11.53B,343.00M,2.396B,832.00M,8.07B,1.251B,459.00M,17.97B,4.237B,14.85B,27.45B,80.00M,12.32B,8.083B,12.61B,15.13B,4.524B,4.237B,4.995B,2.497B
WBA,2011-05,-22.00M,2.652B,13.22B,11.00M,0.66,0.65,3.001B,0,5.154B,2011-05,7.552B,603.00M,-18.00M,-18.00M,11.13B,419.00M,2.384B,951.00M,7.907B,933.00M,330.00M,18.37B,4.203B,14.72B,27.32B,80.00M,13.00B,7.918B,12.59B,14.31B,4.675B,4.203B,5.098B,2.598B
