Ticker,Date,Accrued Comprehensive Inc,Cash and Short Term Investments,Cost of Goods Sold,Current Debt & Capital Lease Obligation,EPS Basic,EPS Diluted,Goodwill and Intangibles,Gross PP&E,Gross Profit,Income (Quarterly),Inventories,Net Income,Net Non-Operating Interest Income Expense,Net Operating Interest Income,Net PP&E,Non-Current Deferred Liabilities,Non-Current Portion of LTD and Capital Lease Obligation,Operating Income,Payables and Accrued Expenses,Pre-Tax Income,Provision for Income Taxes,Research and Development Expense,Revenue,SG&A Expense,Shareholders Equity,Total Assets,Total Capital Stock,Total Current Assets,Total Current Liabilities,Total Liabilities,Total Long Term Assets,Total Long Term Liabilities,Total Operating Expenses,Total Payables,Total Receivables
WDC,2020-12,-50.00M,2.956B,2.983B,251.00M,0.2,0.2,10.67B,10.56B,960.00M,2020-12,3.576B,62.00M,-79.00M,-79.00M,2.918B,0,8.882B,160.00M,3.752B,85.00M,23.00M,535.00M,3.943B,265.00M,9.829B,25.55B,3.00M,9.109B,4.526B,15.72B,16.44B,11.20B,800.00M,2.332B,1.833B
WDC,2020-09,-101.00M,2.995B,3.018B,286.00M,-0.2,-0.2,10.83B,10.47B,904.00M,2020-09,3.355B,-60.00M,-82.00M,-82.00M,2.897B,0,9.086B,93.00M,3.646B,-3.00M,57.00M,555.00M,3.922B,256.00M,9.576B,25.40B,3.00M,9.005B,4.429B,15.83B,16.40B,11.40B,811.00M,2.353B,2.097B
WDC,2020-06,-157.00M,3.048B,3.204B,286.00M,0.49,0.49,11.01B,10.30B,1.083B,2020-06,3.07B,148.00M,-85.00M,-85.00M,2.854B,0,9.289B,268.00M,3.648B,185.00M,37.00M,546.00M,4.287B,269.00M,9.551B,25.66B,3.00M,9.048B,4.406B,16.11B,16.61B,11.70B,815.00M,2.352B,2.379B
WDC,2020-03,-183.00M,2.943B,3.17B,286.00M,0.06,0.06,11.19B,10.08B,1.005B,2020-03,3.091B,17.00M,-93.00M,-93.00M,2.735B,0,9.343B,161.00M,3.752B,46.00M,29.00M,563.00M,4.175B,281.00M,9.243B,25.51B,3.00M,8.553B,4.471B,16.27B,16.96B,11.80B,844.00M,2.183B,1.978B
WDC,2019-12,-110.00M,3.137B,3.299B,286.00M,-0.47,-0.47,11.38B,9.957B,935.00M,2019-12,3.122B,-139.00M,-97.00M,-97.00M,2.722B,0,9.547B,59.00M,3.659B,-40.00M,99.00M,578.00M,4.234B,298.00M,9.379B,25.86B,3.00M,8.627B,4.482B,16.48B,17.23B,12.00B,876.00M,2.10B,1.791B
WDC,2019-09,-90.00M,3.248B,3.282B,251.00M,-0.93,-0.93,11.60B,9.956B,758.00M,2019-09,3.287B,-276.00M,-110.00M,-110.00M,2.796B,0,9.961B,-121.00M,3.605B,-237.00M,39.00M,574.00M,4.04B,305.00M,9.566B,26.28B,3.00M,8.50B,4.288B,16.71B,17.78B,12.43B,879.00M,2.231B,1.448B
WDC,2019-06,-68.00M,3.455B,3.169B,276.00M,-0.67,-0.67,11.79B,10.00B,465.00M,2019-06,3.283B,-197.00M,-103.00M,-103.00M,2.843B,0,10.25B,-357.00M,3.194B,-474.00M,-277.00M,523.00M,3.634B,299.00M,9.967B,26.37B,3.00M,8.477B,3.817B,16.40B,17.89B,12.59B,822.00M,1.898B,1.204B
WDC,2019-03,-55.00M,3.682B,3.095B,276.00M,-1.99,-1.99,11.99B,10.64B,579.00M,2019-03,3.44B,-581.00M,-105.00M,-105.00M,3.031B,0,10.31B,-318.00M,3.534B,-477.00M,104.00M,544.00M,3.674B,353.00M,10.21B,26.91B,3.00M,8.902B,4.212B,16.70B,18.01B,12.49B,897.00M,1.889B,1.223B
WDC,2018-12,-35.00M,4.013B,3.189B,244.00M,-1.68,-1.68,12.22B,10.52B,1.044B,2018-12,3.427B,-487.00M,-103.00M,-103.00M,3.077B,0,10.37B,196.00M,3.761B,81.00M,568.00M,539.00M,4.233B,309.00M,10.91B,27.94B,3.00M,9.742B,4.35B,17.03B,18.20B,12.68B,848.00M,2.235B,1.715B
WDC,2018-09,-76.00M,4.646B,3.364B,213.00M,1.75,1.71,12.48B,10.33B,1.664B,2018-09,3.119B,511.00M,-101.00M,-101.00M,3.054B,0,10.93B,732.00M,3.672B,583.00M,72.00M,576.00M,5.028B,356.00M,11.38B,28.70B,3.00M,10.57B,4.385B,17.33B,18.13B,12.94B,932.00M,2.367B,2.219B
WDC,2018-06,-39.00M,5.005B,3.265B,179.00M,2.53,2.46,12.76B,10.19B,1.852B,2018-06,2.944B,756.00M,-100.00M,-100.00M,3.095B,0,10.99B,923.00M,3.798B,729.00M,-27.00M,577.00M,5.117B,352.00M,11.53B,29.24B,3.00M,10.64B,4.456B,17.70B,18.60B,13.25B,929.00M,2.524B,2.197B
WDC,2018-03,46.00M,4.983B,3.086B,124.00M,0.2,0.2,13.04B,9.956B,1.927B,2018-03,2.67B,61.00M,-144.00M,-144.00M,3.011B,0,11.08B,949.00M,3.431B,-128.00M,-189.00M,602.00M,5.013B,376.00M,11.30B,29.00B,3.00M,10.16B,4.259B,17.70B,18.84B,13.44B,978.00M,2.416B,2.011B
WDC,2017-12,-46.00M,6.295B,3.323B,274.00M,-2.78,-2.78,13.31B,9.835B,2.013B,2017-12,2.281B,-823.00M,-183.00M,-183.00M,3.054B,0,11.78B,1.003B,3.362B,774.00M,1.597B,629.00M,5.336B,381.00M,11.27B,29.84B,3.00M,11.11B,4.353B,18.57B,18.73B,14.22B,1.01B,2.171B,2.052B
WDC,2017-09,-59.00M,6.921B,3.268B,258.00M,2.31,2.23,13.62B,9.725B,1.913B,2017-09,2.302B,681.00M,-189.00M,-189.00M,3.048B,0,12.87B,957.00M,3.563B,710.00M,29.00M,592.00M,5.181B,364.00M,12.06B,30.50B,3.00M,11.82B,4.469B,18.45B,18.68B,13.98B,956.00M,2.292B,2.101B
WDC,2017-06,-58.00M,6.354B,3.161B,233.00M,0.96,0.93,13.84B,9.526B,1.681B,2017-06,2.341B,280.00M,-192.00M,-192.00M,3.033B,0,12.92B,732.00M,3.605B,415.00M,135.00M,604.00M,4.842B,345.00M,11.42B,29.86B,3.00M,11.06B,4.344B,18.44B,18.80B,14.10B,949.00M,2.35B,1.948B
WDC,2017-03,-96.00M,5.677B,3.126B,181.00M,0.86,0.83,14.16B,9.544B,1.523B,2017-03,2.254B,248.00M,-198.00M,-198.00M,3.099B,0,12.91B,564.00M,3.452B,304.00M,56.00M,613.00M,4.649B,346.00M,11.03B,29.45B,3.00M,10.31B,4.309B,18.42B,19.14B,14.11B,959.00M,2.379B,1.948B
WDC,2016-12,-197.00M,5.101B,3.355B,129.00M,0.82,0.8,14.47B,9.594B,1.533B,2016-12,2.085B,235.00M,-200.00M,-200.00M,3.238B,0,12.94B,590.00M,3.188B,321.00M,86.00M,585.00M,4.888B,358.00M,10.73B,28.98B,3.00M,9.606B,4.088B,18.24B,19.37B,14.16B,943.00M,2.187B,2.004B
WDC,2016-09,115.00M,4.325B,3.379B,78.00M,-1.28,-1.28,14.76B,9.587B,1.335B,2016-09,2.109B,-366.00M,-231.00M,-231.00M,3.359B,0,13.06B,300.00M,3.119B,-271.00M,95.00M,639.00M,4.714B,396.00M,10.78B,29.01B,3.00M,9.123B,3.919B,18.24B,19.89B,14.32B,1.035B,2.136B,2.023B
WDC,2016-06,103.00M,8.378B,2.674B,3.334B,-1.34,-1.34,14.98B,9.632B,821.00M,2016-06,2.129B,-366.00M,-215.00M,-215.00M,3.503B,0,13.66B,-73.00M,3.051B,-485.00M,-119.00M,494.00M,3.495B,400.00M,11.14B,32.86B,3.00M,12.58B,6.949B,21.72B,20.28B,14.77B,894.00M,2.056B,1.461B
WDC,2016-03,32.00M,6.033B,2.069B,203.00M,0.32,0.32,3.034B,8.778B,753.00M,2016-03,1.227B,74.00M,-8.00M,-8.00M,2.687B,0,2.00B,228.00M,2.15B,80.00M,6.00M,359.00M,2.822B,166.00M,9.609B,14.95B,3.00M,8.74B,2.781B,5.338B,6.207B,2.557B,525.00M,1.571B,1.254B
WDC,2015-12,-8.00M,5.86B,2.411B,443.00M,1.08,1.07,3.058B,8.716B,906.00M,2015-12,1.238B,251.00M,-8.00M,-8.00M,2.801B,0,2.062B,278.00M,2.343B,244.00M,-7.00M,389.00M,3.317B,239.00M,9.557B,15.47B,3.00M,8.948B,3.245B,5.909B,6.518B,2.664B,628.00M,1.806B,1.65B
WDC,2015-09,-44.00M,5.428B,2.405B,427.00M,1.23,1.21,3.085B,8.635B,955.00M,2015-09,1.26B,283.00M,-8.00M,-8.00M,2.89B,0,2.109B,378.00M,2.327B,314.00M,31.00M,385.00M,3.36B,192.00M,9.336B,15.26B,3.00M,8.655B,3.231B,5.925B,6.606B,2.694B,577.00M,1.799B,1.616B
WDC,2015-06,-20.00M,5.286B,2.261B,407.00M,0.95,0.94,3.098B,8.604B,930.00M,2015-06,1.368B,220.00M,-9.00M,-9.00M,2.965B,0,2.149B,344.00M,2.351B,247.00M,27.00M,381.00M,3.191B,205.00M,9.219B,15.17B,3.00M,8.513B,3.238B,5.951B,6.657B,2.713B,586.00M,1.881B,1.532B
WDC,2015-03,-3.00M,5.04B,2.518B,141.00M,1.66,1.63,3.145B,8.52B,1.032B,2015-03,1.322B,384.00M,-9.00M,-9.00M,3.051B,0,2.203B,431.00M,2.523B,412.00M,28.00M,402.00M,3.55B,199.00M,9.226B,15.18B,3.00M,8.429B,3.218B,5.95B,6.747B,2.732B,601.00M,2.02B,1.696B
WDC,2014-12,-32.00M,5.143B,2.778B,125.00M,1.88,1.84,2.925B,8.353B,1.11B,2014-12,1.282B,438.00M,-8.00M,-8.00M,3.099B,0,2.25B,520.00M,2.567B,458.00M,20.00M,426.00M,3.888B,164.00M,9.082B,15.14B,3.00M,8.66B,3.289B,6.057B,6.479B,2.768B,590.00M,2.071B,1.88B
WDC,2014-09,-14.00M,5.381B,2.794B,125.00M,1.81,1.76,2.965B,8.244B,1.149B,2014-09,1.272B,423.00M,-9.00M,-9.00M,3.202B,0,2.281B,492.00M,3.221B,460.00M,37.00M,437.00M,3.943B,220.00M,8.963B,15.65B,3.00M,8.99B,3.918B,6.689B,6.662B,2.771B,657.00M,2.016B,1.915B
WDC,2014-06,12.00M,5.088B,2.622B,125.00M,1.35,1.32,3.013B,8.123B,1.029B,2014-06,1.226B,317.00M,-7.00M,-7.00M,3.293B,0,2.313B,349.00M,3.141B,347.00M,30.00M,426.00M,3.651B,254.00M,8.842B,15.50B,3.00M,8.72B,3.845B,6.657B,6.779B,2.812B,680.00M,1.971B,1.989B
WDC,2014-03,-4.00M,4.865B,2.627B,125.00M,1.6,1.55,3.097B,7.991B,1.076B,2014-03,1.277B,375.00M,-13.00M,-13.00M,3.406B,0,2.344B,457.00M,3.102B,406.00M,31.00M,418.00M,3.703B,201.00M,8.768B,15.33B,3.00M,8.306B,3.747B,6.564B,7.026B,2.817B,619.00M,1.902B,1.802B
WDC,2013-12,-49.00M,4.655B,2.816B,730.00M,1.82,1.77,3.162B,7.879B,1.156B,2013-12,1.293B,430.00M,-11.00M,-11.00M,3.509B,0,1.61B,514.00M,3.317B,467.00M,37.00M,416.00M,3.972B,226.00M,8.579B,15.28B,3.00M,8.288B,4.62B,6.703B,6.994B,2.083B,642.00M,2.106B,1.959B
WDC,2013-09,-19.00M,4.869B,2.705B,730.00M,2.1,2.05,2.667B,7.764B,1.099B,2013-09,1.244B,495.00M,-10.00M,-10.00M,3.638B,0,1.668B,566.00M,3.186B,532.00M,37.00M,401.00M,3.804B,132.00M,8.253B,14.81B,3.00M,8.261B,4.427B,6.553B,6.545B,2.126B,533.00M,2.061B,1.791B
WDC,2013-06,-35.00M,4.309B,2.678B,230.00M,-1.12,-1.12,2.559B,7.616B,1.05B,2013-06,1.188B,-265.00M,-9.00M,-9.00M,3.70B,0,1.725B,468.00M,3.176B,-230.00M,35.00M,402.00M,3.728B,180.00M,7.893B,14.04B,3.00M,7.598B,3.973B,6.143B,6.438B,2.17B,582.00M,1.99B,1.793B
WDC,2013-03,20.00M,4.06B,2.703B,230.00M,1.64,1.6,2.61B,7.561B,1.061B,2013-03,1.197B,391.00M,-11.00M,-11.00M,3.803B,0,1.783B,480.00M,2.874B,406.00M,15.00M,396.00M,3.764B,185.00M,8.423B,13.93B,3.00M,7.34B,3.226B,5.504B,6.587B,2.278B,581.00M,2.037B,1.70B
WDC,2012-12,8.00M,3.816B,2.765B,288.00M,1.38,1.36,2.616B,7.49B,1.059B,2012-12,1.204B,335.00M,-10.00M,-10.00M,3.938B,0,1.84B,519.00M,2.907B,468.00M,133.00M,378.00M,3.824B,162.00M,8.247B,13.93B,3.00M,7.175B,3.326B,5.682B,6.754B,2.356B,540.00M,2.185B,1.732B
WDC,2012-09,14.00M,3.537B,2.842B,230.00M,2.11,2.06,2.69B,7.324B,1.193B,2012-09,1.304B,519.00M,-14.00M,-14.00M,4.027B,0,1.898B,618.00M,3.465B,578.00M,59.00M,396.00M,4.035B,179.00M,8.037B,14.17B,3.00M,7.186B,3.695B,6.135B,6.986B,2.44B,575.00M,2.545B,1.951B
WDC,2012-06,-15.00M,3.208B,3.282B,230.00M,3.02,2.97,2.774B,7.173B,1.472B,2012-06,1.21B,745.00M,-6.00M,-6.00M,4.067B,0,1.955B,888.00M,3.255B,802.00M,57.00M,406.00M,4.754B,178.00M,7.669B,14.21B,3.00M,7.141B,4.032B,6.537B,7.065B,2.505B,584.00M,2.773B,2.364B
WDC,2012-03,-4.00M,3.377B,2.058B,730.00M,2,1.96,2.691B,4.837B,977.00M,2012-03,1.282B,483.00M,-4.00M,-4.00M,4.171B,0,2.013B,557.00M,3.805B,538.00M,55.00M,265.00M,3.035B,155.00M,7.416B,14.51B,3.00M,7.445B,4.535B,7.094B,7.065B,2.559B,420.00M,2.774B,2.377B
WDC,2011-12,-14.00M,3.924B,1.347B,181.00M,0.62,0.61,214.00M,0,648.00M,2011-12,466.00M,145.00M,-2.00M,-2.00M,2.091B,0,50.00M,361.00M,1.371B,160.00M,15.00M,191.00M,1.995B,96.00M,5.923B,7.807B,2.00M,5.398B,1.552B,1.884B,2.409B,332.00M,287.00M,883.00M,747.00M
WDC,2011-09,-24.00M,3.675B,2.153B,163.00M,1.03,1.01,218.00M,0,541.00M,2011-09,645.00M,239.00M,-1.00M,-1.00M,2.209B,0,100.00M,259.00M,2.191B,258.00M,19.00M,193.00M,2.694B,89.00M,5.723B,8.467B,2.00M,5.926B,2.354B,2.744B,2.541B,390.00M,282.00M,1.708B,1.356B
WDC,2011-06,-5.00M,3.49B,1.934B,144.00M,0.68,0.67,222.00M,0,469.00M,2011-06,577.00M,158.00M,-1.00M,-1.00M,2.224B,0,150.00M,197.00M,2.026B,171.00M,13.00M,188.00M,2.403B,84.00M,5.488B,8.118B,2.00M,5.487B,2.17B,2.63B,2.631B,460.00M,272.00M,1.545B,1.206B
WDC,2011-03,8.00M,3.23B,1.842B,125.00M,0.63,0.62,226.00M,0,410.00M,2011-03,574.00M,146.00M,1.00M,1.00M,2.249B,0,200.00M,158.00M,1.87B,159.00M,13.00M,179.00M,2.252B,73.00M,5.316B,7.839B,2.00M,5.153B,1.995B,2.523B,2.686B,528.00M,252.00M,1.486B,1.171B
