Ticker,Date,Accrued Comprehensive Inc,Cash and Short Term Investments,Cost of Goods Sold,Current Debt & Capital Lease Obligation,Current Deferred Liabilities,EPS Basic,EPS Diluted,Goodwill and Intangibles,Gross PP&E,Gross Profit,Income (Quarterly),Net Income,Net Non-Operating Interest Income Expense,Net Operating Interest Income,Net PP&E,Non-Current Portion of LTD and Capital Lease Obligation,Operating Income,Payables and Accrued Expenses,Pre-Tax Income,Provision for Income Taxes,Revenue,SG&A Expense,Shareholders Equity,Total Assets,Total Capital Stock,Total Current Assets,Total Current Liabilities,Total Liabilities,Total Long Term Assets,Total Long Term Liabilities,Total Operating Expenses,Total Payables,Total Receivables
WELL,2020-12,-148.50M,1.545B,741.73M,0,115.41M,0.39,0.39,1.568B,465.87M,374.94M,2020-12,163.73M,0,0,465.87M,14.22B,21.28M,355.18M,-30.15M,0.29M,1.117B,27.85M,15.97B,32.48B,418.69M,3.438B,470.59M,15.60B,29.05B,15.13B,353.67M,201.51M,1.416B
WELL,2020-09,-126.47M,1.604B,759.57M,0,183.01M,0.78,0.77,1.577B,480.86M,273.18M,2020-09,325.58M,0,0,480.86M,14.21B,-16.21M,1.041B,-81.34M,2.003M,1.033B,31.00M,16.11B,32.54B,418.36M,3.717B,1.041B,15.58B,28.82B,14.54B,289.39M,155.74M,1.562B
WELL,2020-06,-116.86M,1.679B,787.12M,0,0,0.43,0.42,455.78M,502.60M,394.81M,2020-06,179.25M,0,0,502.60M,14.88B,93.96M,1.016B,4.254M,2.233M,1.182B,34.06M,16.05B,33.16B,418.34M,3.377B,1.016B,16.23B,29.79B,15.21B,300.86M,0,1.551B
WELL,2020-03,-96.21M,303.42M,823.79M,844.98M,0,0.76,0.75,1.698B,523.22M,431.38M,2020-03,310.28M,0,0,523.22M,13.58B,114.03M,997.60M,75.69M,5.442M,1.255B,35.48M,16.13B,32.92B,418.23M,1.998B,1.843B,15.86B,30.92B,14.01B,317.35M,0,1.605B
WELL,2019-12,-112.16M,284.92M,794.17M,1.588B,0,0.55,0.55,1.685B,536.43M,462.82M,2019-12,224.32M,0,0,536.43M,13.80B,173.67M,332.15M,165.82M,-4.832M,1.257B,26.51M,15.54B,33.38B,411.00M,1.880B,2.103B,16.87B,31.50B,14.77B,289.15M,0,1.494B
WELL,2019-09,-117.68M,265.79M,792.93M,1.335B,0,1.46,1.45,1.673B,536.69M,468.97M,2019-09,589.88M,0,0,536.69M,12.81B,165.51M,1.026B,78.39M,3.968M,1.262B,31.02M,15.27B,31.86B,406.50M,1.895B,2.360B,15.64B,29.97B,13.28B,303.46M,0,1.564B
WELL,2019-06,-100.62M,268.67M,842.46M,1.869B,0,0.34,0.34,1.657B,550.34M,474.56M,2019-06,137.76M,0,0,550.34M,13.75B,192.77M,1.076B,162.37M,1.599M,1.317B,33.74M,14.99B,33.15B,406.01M,1.865B,2.945B,17.18B,31.28B,14.23B,281.79M,0,1.505B
WELL,2019-03,-144.62M,249.13M,816.04M,419.29M,0,0.72,0.71,1.608B,502.43M,448.45M,2019-03,280.47M,0,0,502.43M,12.72B,150.54M,1.001B,136.31M,2.222M,1.264B,35.28M,15.08B,30.64B,404.51M,1.843B,1.420B,14.59B,28.79B,13.17B,297.90M,0,1.435B
WELL,2018-12,-129.77M,215.38M,795.01M,1.147B,0,0.27,0.27,1.649B,0,439.04M,2018-12,113.44M,0,0,0,12.15B,165.10M,1.034B,84.09M,1.504M,1.234B,31.10M,14.63B,30.34B,1.103B,1.700B,2.181B,14.76B,28.64B,12.57B,273.94M,0,1.384B
WELL,2018-09,-138.49M,191.20M,795.19M,1.312B,0,0.17,0.17,1.631B,0,437.49M,2018-09,76.06M,0,0,0,12.19B,165.60M,1.075B,60.90M,1.741M,1.233B,28.75M,14.31B,30.25B,1.095B,1.660B,2.387B,14.98B,28.59B,12.59B,271.90M,0,1.379B
WELL,2018-06,-132.63M,215.12M,690.17M,540.00M,0,0.42,0.41,1.603B,0,420.24M,2018-06,166.11M,0,0,0,10.90B,151.14M,984.78M,159.11M,3.841M,1.110B,32.83M,14.34B,27.62B,1.091B,1.743B,1.525B,12.82B,25.88B,11.29B,269.11M,0,1.470B
WELL,2018-03,-91.25M,202.82M,679.24M,865.00M,0,1.18,1.17,1.617B,0,414.71M,2018-03,449.35M,0,0,0,10.48B,152.80M,948.62M,119.39M,1.588M,1.094B,33.70M,14.56B,27.75B,1.091B,1.665B,1.814B,12.69B,26.08B,10.87B,261.91M,0,1.400B
WELL,2017-12,-111.46M,243.78M,675.12M,719.00M,0,-0.3,-0.3,1.571B,0,426.77M,2017-12,-99.85M,0,0,0,11.01B,96.98M,911.86M,-61.01M,25.66M,1.102B,28.36M,14.42B,27.94B,1.091B,1.687B,1.631B,13.02B,26.26B,11.39B,329.79M,0,1.378B
WELL,2017-09,-141.24M,236.25M,646.58M,420.00M,0,0.2,0.2,1.561B,0,438.87M,2017-09,85.72M,0,0,0,11.10B,178.82M,1.027B,84.94M,0.669M,1.085B,29.91M,14.73B,28.18B,1.090B,1.806B,1.447B,12.94B,26.37B,11.49B,260.05M,0,1.511B
WELL,2017-06,-163.62M,442.28M,618.09M,385.00M,0,0.51,0.51,1.504B,0,435.45M,2017-06,200.11M,0,0,0,10.99B,177.98M,893.44M,156.82M,-8.448M,1.054B,32.63M,14.83B,27.98B,1.088B,2.006B,1.278B,12.66B,25.97B,11.38B,257.48M,0,1.518B
WELL,2017-03,-177.20M,380.36M,628.77M,522.00M,0,0.86,0.86,1.490B,0,429.46M,2017-03,336.79M,0,0,0,10.93B,170.08M,817.41M,118.87M,2.245M,1.058B,31.10M,14.64B,27.77B,1.084B,2.047B,1.339B,12.66B,25.72B,11.32B,259.38M,0,1.624B
WELL,2016-12,-169.53M,419.38M,621.20M,645.00M,0,0.92,0.91,1.471B,0,449.21M,2016-12,349.40M,0,0,0,11.71B,178.27M,827.03M,137.19M,-16.58M,1.070B,32.81M,14.81B,28.87B,1.369B,2.392B,1.472B,13.58B,26.47B,12.11B,270.94M,0,1.785B
WELL,2016-09,-151.18M,428.62M,603.38M,1.35B,0,0.93,0.93,1.491B,0,472.87M,2016-09,351.26M,0,0,0,12.08B,217.98M,767.68M,193.83M,-0.305M,1.076B,36.83M,14.79B,29.86B,1.369B,2.411B,2.118B,14.59B,27.45B,12.47B,254.89M,0,1.899B
WELL,2016-06,-159.64M,466.58M,591.16M,745.00M,0,0.55,0.54,1.414B,0,470.70M,2016-06,211.83M,0,0,0,12.23B,204.21M,728.08M,210.66M,-0.513M,1.062B,39.91M,14.39B,28.96B,1.364B,2.310B,1.473B,14.10B,26.65B,12.62B,266.48M,0,1.785B
WELL,2016-03,-109.05M,355.95M,582.60M,645.00M,0,0.42,0.42,1.414B,0,460.40M,2016-03,165.32M,0,0,0,12.42B,186.02M,665.64M,167.57M,-1.725M,1.043B,45.69M,14.52B,29.09B,1.363B,2.262B,1.311B,14.09B,26.83B,12.78B,274.39M,0,1.843B
WELL,2015-12,-88.24M,360.91M,569.84M,835.00M,0,0.37,0.37,1.419B,0,452.51M,2015-12,149.28M,0,0,0,12.13B,192.85M,697.19M,123.98M,2.682M,1.022B,36.85M,14.59B,29.02B,1.361B,2.344B,1.532B,13.85B,26.68B,12.32B,259.66M,0,1.921B
WELL,2015-09,-94.36M,292.04M,529.83M,490.00M,0,0.52,0.52,1.277B,0,447.09M,2015-09,198.40M,0,0,0,10.98B,204.34M,686.65M,196.50M,-3.344M,976.92M,36.95M,14.65B,27.46B,1.359B,2.169B,1.177B,12.32B,25.29B,11.14B,242.75M,0,1.802B
WELL,2015-06,-81.67M,217.94M,517.22M,350.00M,0,0.89,0.89,1.283B,0,435.54M,2015-06,328.92M,0,0,0,11.20B,188.26M,650.44M,150.72M,7.417M,952.76M,38.47M,14.69B,27.41B,1.358B,2.000B,1.000B,12.36B,25.41B,11.36B,247.28M,0,1.709B
WELL,2015-03,-107.50M,202.27M,497.54M,410.00M,0,0.57,0.56,1.255B,0,391.55M,2015-03,207.15M,0,0,0,10.60B,167.58M,604.15M,164.92M,-0.304M,889.09M,35.14M,14.56B,26.63B,1.357B,1.982B,1.014B,11.71B,24.65B,10.70B,223.97M,0,1.694B
WELL,2014-12,-77.01M,473.73M,483.72M,0,0,0.6,0.59,1.204B,0,380.31M,2014-12,204.99M,0,0,0,10.78B,157.30M,626.82M,108.46M,5.102M,864.03M,27.62M,13.18B,24.96B,1.335B,1.679B,626.82M,11.49B,23.28B,10.86B,223.01M,0,1.126B
WELL,2014-09,-52.70M,998.68M,473.59M,0,0,0.44,0.44,1.161B,0,372.31M,2014-09,152.61M,0,0,0,10.28B,140.54M,677.04M,115.60M,-10.20M,845.90M,30.80M,13.20B,24.54B,1.334B,2.104B,677.04M,11.04B,22.44B,10.36B,231.77M,0,987.21M
WELL,2014-06,-18.64M,207.35M,464.82M,562.00M,0,0.24,0.24,1.153B,0,359.60M,2014-06,88.18M,0,0,0,10.35B,93.49M,678.40M,87.60M,1.569M,824.42M,51.66M,12.18B,23.57B,1.315B,1.214B,678.40M,11.06B,22.36B,10.38B,266.11M,0,941.91M
WELL,2014-03,-25.42M,185.93M,462.26M,130.00M,0,0.17,0.17,1.135B,0,339.05M,2014-03,66.38M,0,0,0,10.38B,72.87M,612.67M,72.56M,2.26M,801.31M,32.86M,11.29B,23.21B,1.297B,1.140B,1.175B,11.59B,22.07B,10.41B,266.18M,0,886.08M
WELL,2013-12,-24.53M,158.78M,458.15M,847.67M,0,0.04,0.04,1.139B,0,329.59M,2013-12,28.00M,0,0,0,10.52B,56.94M,640.57M,38.67M,0.436M,787.74M,28.52M,11.41B,23.08B,1.307B,1.117B,770.57M,11.33B,21.97B,10.56B,272.65M,0,885.46M
WELL,2013-09,-23.48M,164.84M,457.94M,0,0,0.07,0.07,1.119B,0,324.33M,2013-09,37.29M,0,0,0,9.596B,54.58M,660.44M,31.63M,3.077M,782.27M,28.72M,11.56B,23.05B,1.311B,1.138B,1.508B,11.14B,21.91B,9.627B,269.74M,0,892.45M
WELL,2013-06,-49.17M,512.47M,387.42M,0,0,-0.03,-0.03,997.23M,16.83B,290.08M,2013-06,8.094M,-84.43M,-84.43M,15.35B,9.560B,68.12M,539.36M,43.73M,1.215M,677.51M,23.90M,11.64B,22.20B,1.308B,1.636B,539.36M,10.13B,20.56B,9.593B,221.96M,0,911.07M
WELL,2013-03,-33.09M,269.84M,361.66M,710.00M,0,0.21,0.21,879.82M,15.94B,267.36M,2013-03,71.66M,-81.48M,-81.48M,14.57B,9.144B,55.50M,518.17M,-11.78M,2.763M,629.02M,27.18M,10.18B,20.79B,1.284B,1.263B,1.228B,10.41B,19.53B,9.178B,211.87M,0,767.55M
WELL,2012-12,-11.03M,1.034B,249.10M,0,0,0.35,0.35,742.00M,15.37B,238.50M,2012-12,107.18M,-56.90M,-56.90M,14.10B,8.532B,85.59M,462.10M,68.96M,3.858M,487.60M,20.04M,10.29B,19.55B,1.283B,2.448B,462.10M,9.029B,17.10B,8.566B,152.92M,0,1.307B
WELL,2012-09,-10.43M,1.382B,236.33M,610.00M,0,0.17,0.16,68.32M,13.72B,224.16M,2012-09,53.87M,0,0,12.64B,7.319B,45.63M,405.80M,38.08M,0.836M,460.49M,23.68M,10.36B,18.28B,1.282B,1.914B,405.80M,7.725B,16.37B,7.319B,178.53M,0,391.35M
WELL,2012-06,-13.59M,204.90M,227.14M,0,0,0.26,0.25,68.32M,13.04B,210.10M,2012-06,77.70M,0,0,12.07B,7.686B,56.63M,400.06M,31.52M,1.447M,437.24M,25.87M,8.058B,16.35B,1.238B,691.59M,400.06M,8.086B,15.66B,7.686B,153.47M,0,407.08M
WELL,2012-03,-11.64M,469.22M,217.62M,0,0,0.2,0.19,68.32M,10.23B,198.70M,2012-03,58.51M,0,0,9.362B,6.878B,50.04M,393.20M,45.59M,1.47M,416.31M,27.75M,8.396B,15.86B,1.511B,933.85M,393.20M,7.271B,14.93B,6.878B,148.66M,0,381.13M
WELL,2011-12,-11.93M,163.48M,399.96M,0,0,0.13,0.13,496.52M,0,-75.26M,2011-12,44.52M,0,0,0,6.631B,-196.77M,371.56M,22.35M,0.825M,324.70M,20.19M,7.125B,14.92B,1.203B,906.14M,981.56M,7.646B,14.02B,6.664B,121.51M,0,673.03M
WELL,2011-09,-10.35M,136.68M,103.13M,0,0,0.21,0.21,68.32M,0,267.60M,2011-09,53.84M,0,0,0,6.793B,136.15M,342.01M,44.99M,0.223M,370.73M,19.74M,6.579B,13.86B,1.189B,530.51M,342.01M,7.135B,13.33B,6.793B,131.45M,0,337.16M
WELL,2011-06,-10.14M,328.76M,99.81M,0,0,0.4,0.39,51.21M,0,269.79M,2011-06,87.20M,0,0,0,6.404B,142.81M,325.55M,47.59M,0.211M,369.60M,19.56M,6.598B,13.48B,1.188B,713.41M,325.55M,6.729B,12.77B,6.404B,126.98M,0,342.15M
WELL,2011-03,-10.30M,2.668B,63.56M,0,0,0.15,0.15,51.21M,0,182.19M,2011-03,32.05M,0,0,0,6.149B,93.49M,334.26M,0.521M,0.129M,245.76M,17.71M,6.620B,13.26B,1.187B,3.029B,334.26M,6.483B,10.23B,6.149B,88.70M,0,322.46M
