Ticker,Date,Accrued Comprehensive Inc,Cash and Short Term Investments,Current Debt & Capital Lease Obligation,EPS Basic,EPS Diluted,Goodwill and Intangibles,Gross PP&E,Income (Quarterly),Net Income,Net Loan Assets,Net PP&E,Non-Current Portion of LTD and Capital Lease Obligation,Payables and Accrued Expenses,Pre-Tax Income,Provision for Income Taxes,Revenue,SG&A Expense,Shareholders Equity,Total Assets,Total Capital Stock,Total Current Assets,Total Current Liabilities,Total Liabilities,Total Long Term Assets,Total Long Term Liabilities,Total Operating Expenses,Total Receivables
WFC,2021-03,-1.25B,487.58B,58.92B,1.05,1.05,35.12B,33.09B,2021-03,4.742B,864.34B,8.76B,183.31B,76.91B,5.122B,326.00M,18.06B,9.874B,187.22B,1.960T,30.31B,608.25B,135.83B,1.771T,1.552T,1.635T,9.861B,15.73B
WFC,2020-12,194.00M,485.00B,12.64B,0.64,0.64,34.16B,20.97B,2020-12,2.992B,889.42B,20.59B,212.95B,76.40B,3.302B,108.00M,18.08B,8.291B,184.89B,1.955T,30.27B,635.35B,135.40B,1.769T,1.540T,1.634T,7.51B,58.82B
WFC,2020-09,-750.00M,467.34B,11.17B,0.42,0.42,34.42B,21.50B,2020-09,2.035B,908.68B,20.97B,215.71B,72.27B,2.864B,645.00M,18.84B,9.059B,181.17B,1.922T,30.23B,616.72B,127.50B,1.740T,1.526T,1.613T,8.341B,56.35B
WFC,2020-06,-798.00M,491.40B,10.83B,-0.66,-0.66,34.94B,21.88B,2020-06,-2.379B,932.51B,21.50B,230.92B,75.16B,-6.249B,-3.917B,17.93B,9.457B,179.39B,1.969T,30.23B,647.72B,135.64B,1.789T,1.550T,1.653T,9.457B,54.25B
WFC,2020-03,-1.564B,402.04B,13.25B,0.01,0.01,36.31B,34.12B,2020-03,653.00M,1.003T,21.88B,237.34B,76.24B,664.00M,159.00M,17.54B,8.873B,182.72B,1.981T,30.48B,584.88B,168.53B,1.798T,1.647T,1.629T,8.873B,71.35B
WFC,2019-12,-1.311B,404.71B,12.11B,0.61,0.6,39.76B,22.65B,2019-12,2.873B,957.20B,22.25B,228.19B,75.16B,3.602B,678.00M,19.86B,8.194B,187.15B,1.928T,30.68B,575.61B,179.68B,1.740T,1.615T,1.560T,8.194B,54.56B
WFC,2019-09,-1.639B,419.97B,13.51B,0.93,0.92,39.31B,22.87B,2019-09,4.61B,952.58B,22.65B,230.65B,76.53B,6.116B,1.304B,22.01B,9.142B,193.30B,1.944T,30.68B,603.51B,200.44B,1.750T,1.611T,1.549T,9.142B,65.81B
WFC,2019-06,-2.224B,430.41B,12.78B,1.31,1.3,40.40B,22.49B,2019-06,6.206B,945.04B,22.87B,241.48B,69.71B,7.632B,1.294B,21.58B,9.258B,199.04B,1.923T,32.16B,607.40B,185.05B,1.723T,1.581T,1.538T,9.258B,51.71B
WFC,2019-03,-3.682B,417.07B,12.70B,1.21,1.2,41.69B,29.12B,2019-03,5.86B,935.26B,22.49B,236.34B,74.72B,6.848B,881.00M,21.61B,9.89B,197.83B,1.888T,32.35B,584.73B,181.31B,1.689T,1.570T,1.508T,9.89B,57.80B
WFC,2018-12,-6.336B,443.20B,13.36B,1.22,1.21,43.06B,0,2018-12,6.064B,940.81B,17.96B,229.04B,69.32B,7.12B,966.00M,20.98B,7.639B,196.17B,1.896T,32.35B,594.24B,175.10B,1.699T,1.571T,1.524T,7.639B,60.06B
WFC,2018-09,-6.873B,422.49B,13.03B,1.14,1.13,44.63B,18.13B,2018-09,6.007B,933.52B,18.13B,221.32B,71.35B,7.598B,1.512B,21.94B,8.601B,198.74B,1.873T,32.62B,576.46B,176.80B,1.673T,1.559T,1.497T,8.601B,58.70B
WFC,2018-06,-5.461B,429.14B,15.19B,0.98,0.98,44.32B,18.27B,2018-06,5.186B,939.38B,18.27B,219.28B,72.48B,7.119B,1.81B,21.55B,9.577B,205.19B,1.880T,34.87B,578.87B,176.98B,1.674T,1.566T,1.497T,9.577B,58.45B
WFC,2018-03,-4.921B,474.05B,16.29B,0.97,0.96,44.24B,18.21B,2018-03,5.136B,939.17B,18.21B,227.30B,73.40B,6.701B,1.374B,21.93B,9.938B,204.95B,1.915T,35.36B,621.51B,170.60B,1.709T,1.565T,1.539T,9.938B,62.44B
WFC,2017-12,-2.144B,492.35B,14.57B,1.17,1.16,43.25B,29.81B,2017-12,6.151B,947.58B,18.51B,225.02B,70.62B,4.599B,-1.642B,22.05B,10.64B,206.94B,1.952T,34.49B,648.81B,173.87B,1.744T,1.579T,1.570T,10.64B,64.20B
WFC,2017-09,-1.627B,291.42B,13.99B,0.83,0.83,43.22B,18.12B,2017-09,4.542B,941.75B,18.12B,238.89B,79.21B,6.781B,2.181B,21.85B,8.502B,205.93B,1.935T,34.71B,640.18B,173.02B,1.728T,1.566T,1.555T,8.502B,63.07B
WFC,2017-06,-2.11B,289.45B,16.67B,1.09,1.08,42.89B,18.12B,2017-06,5.856B,952.14B,18.12B,238.87B,73.04B,8.139B,2.245B,22.24B,8.478B,205.23B,1.931T,34.92B,633.86B,168.39B,1.725T,1.565T,1.556T,8.478B,66.43B
WFC,2017-03,-3.178B,319.23B,18.50B,1.05,1.03,43.71B,18.16B,2017-03,5.634B,946.16B,18.16B,256.47B,59.83B,7.858B,2.133B,22.26B,9.005B,201.50B,1.952T,34.64B,696.75B,154.70B,1.749T,1.553T,1.594T,9.005B,56.21B
WFC,2016-12,-3.137B,329.09B,18.66B,0.97,0.96,43.77B,29.27B,2016-12,5.274B,963.28B,18.42B,255.08B,57.19B,7.562B,2.258B,22.16B,8.125B,199.58B,1.930T,33.69B,665.31B,153.97B,1.730T,1.572T,1.576T,8.125B,55.68B
WFC,2016-09,2.184B,310.88B,16.20B,1.04,1.03,41.46B,18.58B,2016-09,5.644B,958.48B,18.58B,254.84B,82.77B,8.255B,2.601B,22.19B,8.277B,203.03B,1.942T,33.73B,664.60B,207.44B,1.738T,1.568T,1.531T,8.277B,55.40B
WFC,2016-06,2.948B,273.41B,15.45B,1.02,1.01,42.05B,18.57B,2016-06,5.558B,950.67B,18.57B,243.93B,76.92B,8.222B,2.649B,21.97B,8.202B,201.74B,1.889T,33.97B,628.20B,197.17B,1.687T,1.513T,1.489T,8.202B,59.27B
WFC,2016-03,1.774B,274.64B,14.83B,1,0.99,43.50B,18.61B,2016-03,5.462B,934.96B,18.61B,227.89B,73.60B,8.081B,2.567B,21.95B,8.457B,197.50B,1.849T,33.19B,634.96B,181.30B,1.651T,1.468T,1.469T,8.457B,59.78B
WFC,2015-12,297.00M,286.47B,14.58B,1.05,1.03,42.40B,23.50B,2015-12,5.575B,912.53B,12.49B,199.54B,59.44B,8.156B,2.533B,21.25B,7.818B,193.00B,1.788T,31.35B,617.94B,156.97B,1.594T,1.435T,1.437T,7.818B,43.68B
WFC,2015-09,2.389B,283.80B,13.42B,1.06,1.05,42.20B,12.25B,2015-09,5.796B,901.70B,12.25B,185.27B,81.70B,8.773B,2.79B,20.96B,7.705B,193.05B,1.751T,31.56B,583.44B,169.77B,1.557T,1.432T,1.387T,7.705B,44.83B
WFC,2015-06,2.068B,280.35B,11.52B,1.04,1.03,43.42B,12.00B,2015-06,5.719B,890.57B,12.00B,179.75B,81.40B,8.549B,2.763B,21.09B,7.87B,189.56B,1.721T,30.78B,553.80B,164.36B,1.530T,1.425T,1.366T,7.87B,41.20B
WFC,2015-03,3.777B,277.40B,13.30B,1.06,1.04,42.80B,11.97B,2015-03,5.804B,860.96B,11.97B,183.29B,90.12B,8.163B,2.279B,20.91B,8.261B,188.80B,1.738T,31.13B,616.79B,167.82B,1.548T,1.376T,1.380T,8.261B,48.08B
WFC,2014-12,3.518B,277.01B,12.47B,1.04,1.02,44.10B,21.92B,2014-12,5.709B,858.18B,11.46B,183.94B,86.12B,8.311B,2.519B,21.07B,7.875B,184.39B,1.687T,28.35B,579.77B,149.64B,1.502T,1.362T,1.352T,7.875B,44.33B
WFC,2014-09,3.118B,266.28B,14.76B,1.04,1.02,45.69B,11.27B,2014-09,5.729B,844.00B,11.27B,184.59B,75.73B,8.597B,2.642B,20.50B,7.601B,182.48B,1.637T,28.52B,571.51B,138.65B,1.454T,1.309T,1.315T,7.601B,43.30B
WFC,2014-06,4.117B,269.60B,16.47B,1.02,1.01,45.87B,11.39B,2014-06,5.726B,834.76B,11.39B,167.88B,69.02B,8.655B,2.869B,20.62B,7.635B,180.86B,1.599T,27.88B,547.87B,130.87B,1.417T,1.296T,1.286T,7.635B,39.55B
WFC,2014-03,2.752B,272.40B,17.81B,1.07,1.05,47.22B,11.16B,2014-03,5.893B,817.23B,11.16B,153.42B,65.18B,8.352B,2.277B,19.80B,7.759B,175.65B,1.547T,26.32B,534.27B,122.24B,1.370T,1.261T,1.248T,7.759B,39.09B
WFC,2013-12,1.386B,271.93B,17.62B,1.02,1,48.20B,21.28B,2013-12,5.61B,812.31B,11.20B,153.00B,66.44B,8.217B,2.504B,20.01B,7.514B,170.14B,1.524T,25.40B,524.53B,120.32B,1.352T,1.247T,1.232T,7.514B,38.81B
WFC,2013-09,2.289B,278.33B,16.97B,1,0.99,47.48B,11.10B,2013-09,5.578B,811.08B,11.10B,151.21B,72.31B,8.301B,2.618B,19.98B,7.697B,167.16B,1.488T,24.68B,504.99B,126.16B,1.319T,1.238T,1.193T,7.697B,44.62B
WFC,2013-06,1.797B,267.38B,18.50B,1,0.98,47.51B,11.20B,2013-06,5.519B,813.04B,11.20B,123.38B,74.84B,8.471B,2.863B,21.18B,7.771B,162.42B,1.441T,23.12B,458.85B,131.83B,1.277T,1.228T,1.145T,7.771B,42.80B
WFC,2013-03,5.145B,264.38B,22.26B,0.93,0.92,45.77B,11.25B,2013-03,5.171B,817.75B,11.25B,126.19B,75.62B,7.64B,2.42B,21.15B,8.115B,162.09B,1.437T,23.55B,449.97B,136.32B,1.273T,1.231T,1.137T,8.115B,41.79B
WFC,2012-12,5.65B,257.06B,22.20B,0.92,0.91,45.60B,20.66B,2012-12,5.09B,817.35B,11.43B,127.38B,76.67B,7.221B,1.924B,21.23B,7.298B,157.55B,1.423T,22.02B,437.63B,133.84B,1.264T,1.216T,1.130T,7.298B,43.26B
WFC,2012-09,6.435B,16.99B,51.96B,0.89,0.88,37.74B,20.16B,2012-09,4.937B,815.88B,9.165B,130.80B,83.66B,7.51B,2.48B,21.05B,7.438B,154.68B,1.375T,21.39B,117.43B,135.62B,1.219T,1.257T,1.083T,7.438B,44.35B
WFC,2012-06,4.629B,16.81B,56.02B,0.83,0.82,38.62B,0,2012-06,4.622B,808.19B,9.317B,124.98B,76.83B,7.092B,2.371B,21.05B,7.441B,148.07B,1.336T,20.75B,91.45B,132.85B,1.187T,1.245T,1.054T,7.441B,0
WFC,2012-03,4.216B,17.00B,50.96B,0.76,0.75,39.79B,0,2012-03,4.248B,792.08B,9.291B,129.75B,75.97B,6.648B,2.328B,21.27B,7.983B,145.52B,1.334T,21.11B,91.14B,126.93B,1.187T,1.243T,1.060T,7.983B,0
WFC,2011-12,3.207B,242.05B,18.05B,0.74,0.73,48.08B,0,2011-12,4.107B,786.84B,11.36B,125.35B,77.66B,6.057B,1.874B,20.54B,7.283B,140.24B,1.314T,20.36B,330.77B,126.76B,1.172T,1.201T,1.045T,7.283B,0
WFC,2011-09,3.828B,18.31B,50.78B,0.73,0.72,38.81B,0,2011-09,4.055B,783.51B,9.607B,133.21B,86.28B,6.14B,1.998B,19.28B,6.918B,137.77B,1.305T,20.47B,108.12B,137.06B,1.166T,1.197T,1.029T,7.384B,0
WFC,2011-06,5.422B,24.06B,53.88B,0.7,0.7,40.98B,0,2011-06,3.948B,763.79B,9.613B,142.87B,71.43B,6.073B,2.001B,19.66B,7.234B,136.40B,1.260T,20.61B,112.46B,125.31B,1.122T,1.147T,996.51B,7.698B,0
