Ticker,Date,Accrued Comprehensive Inc,Cash and Short Term Investments,Cost of Goods Sold,Current Debt & Capital Lease Obligation,Current Deferred Liabilities,EPS Basic,EPS Diluted,Goodwill and Intangibles,Gross PP&E,Gross Profit,Income (Quarterly),Inventories,Net Income,Net Non-Operating Interest Income Expense,Net Operating Interest Income,Net PP&E,Non-Current Deferred Liabilities,Non-Current Portion of LTD and Capital Lease Obligation,Operating Income,Payables and Accrued Expenses,Pre-Tax Income,Provision for Income Taxes,Revenue,SG&A Expense,Shareholders Equity,Total Assets,Total Capital Stock,Total Current Assets,Total Current Liabilities,Total Liabilities,Total Long Term Assets,Total Long Term Liabilities,Total Operating Expenses,Total Payables,Total Receivables
WHR,2021-03,-2.687B,2.447B,4.21B,308.00M,0,6.87,6.81,4.383B,10.31B,1.148B,2021-03,2.47B,433.00M,-19.00M,-19.00M,3.778B,0,5.817B,638.00M,5.939B,599.00M,159.00M,5.358B,493.00M,4.222B,20.34B,113.00M,9.838B,8.011B,15.20B,10.50B,7.188B,510.00M,4.673B,2.997B
WHR,2020-12,-2.811B,2.924B,4.434B,310.00M,0,7.9,7.77,4.69B,10.97B,1.364B,2020-12,2.187B,497.00M,-64.00M,-64.00M,4.188B,0,5.897B,825.00M,6.302B,652.00M,151.00M,5.798B,523.00M,3.799B,20.35B,113.00M,9.015B,8.33B,15.64B,11.34B,7.311B,539.00M,4.834B,3.109B
WHR,2020-09,-2.754B,3.528B,4.136B,2.033B,0,6.35,6.27,4.653B,10.72B,1.155B,2020-09,2.216B,397.00M,-29.00M,-29.00M,4.04B,0,5.70B,626.00M,5.617B,541.00M,143.00M,5.291B,513.00M,3.371B,20.36B,113.00M,9.307B,9.105B,16.08B,11.05B,6.976B,529.00M,4.179B,2.716B
WHR,2020-06,-2.731B,2.546B,3.411B,2.01B,0,0.55,0.55,4.611B,10.53B,631.00M,2020-06,2.129B,35.00M,-34.00M,-34.00M,4.037B,0,5.627B,195.00M,4.471B,43.00M,18.00M,4.042B,421.00M,3.018B,18.68B,112.00M,7.579B,7.725B,14.75B,11.10B,7.026B,436.00M,3.328B,1.998B
WHR,2020-03,-2.715B,2.837B,3.622B,2.392B,0,2.46,2.45,4.609B,10.43B,703.00M,2020-03,2.543B,154.00M,-41.00M,-41.00M,4.042B,0,5.382B,268.00M,5.097B,222.00M,73.00M,4.325B,420.00M,3.06B,19.40B,112.00M,8.162B,8.576B,15.42B,11.23B,6.839B,435.00M,4.065B,1.931B
WHR,2019-12,-2.618B,1.952B,4.334B,853.00M,0,4.56,4.52,4.665B,10.67B,1.048B,2019-12,2.438B,288.00M,-93.00M,-93.00M,4.222B,0,4.918B,470.00M,6.148B,331.00M,43.00M,5.382B,562.00M,3.195B,18.88B,112.00M,7.398B,8.369B,14.76B,11.48B,6.394B,578.00M,4.547B,2.198B
WHR,2019-09,-2.603B,993.00M,4.35B,1.487B,0,5.62,5.57,4.637B,10.28B,741.00M,2019-09,2.883B,358.00M,-16.00M,-16.00M,3.949B,0,4.722B,233.00M,5.61B,677.00M,313.00M,5.091B,491.00M,3.028B,18.41B,112.00M,7.375B,8.50B,14.46B,11.03B,5.957B,508.00M,4.229B,2.588B
WHR,2019-06,-2.657B,1.178B,4.254B,2.73B,0,1.04,1.04,4.71B,10.47B,932.00M,2019-06,3.008B,67.00M,11.00M,11.00M,4.106B,0,4.815B,330.00M,5.556B,202.00M,130.00M,5.186B,584.00M,2.749B,19.86B,112.00M,8.503B,10.09B,16.19B,11.35B,6.094B,602.00M,4.27B,2.387B
WHR,2019-03,-2.602B,1.163B,3.948B,2.587B,0,7.36,7.31,4.735B,10.40B,812.00M,2019-03,2.96B,471.00M,79.00M,79.00M,4.136B,0,4.786B,289.00M,5.521B,342.00M,-132.00M,4.76B,505.00M,2.802B,19.69B,112.00M,8.236B,9.878B,15.97B,11.45B,6.089B,523.00M,4.31B,2.222B
WHR,2018-12,-2.695B,1.498B,4.71B,1.981B,0,2.66,2.64,4.747B,9.604B,950.00M,2018-12,2.533B,170.00M,-53.00M,-53.00M,3.414B,0,4.046B,340.00M,6.004B,256.00M,86.00M,5.66B,593.00M,2.291B,18.35B,112.00M,7.898B,9.678B,15.14B,10.45B,5.464B,610.00M,4.487B,2.21B
WHR,2018-09,-2.59B,1.032B,4.431B,2.413B,0,3.25,3.22,4.803B,9.612B,895.00M,2018-09,2.873B,210.00M,-76.00M,-76.00M,3.396B,0,4.768B,327.00M,5.679B,223.00M,7.00M,5.326B,550.00M,2.36B,19.09B,112.00M,8.461B,9.674B,15.78B,10.63B,6.111B,568.00M,4.20B,2.881B
WHR,2018-06,-2.506B,1.057B,4.26B,2.058B,0,-9.5,-9.5,4.853B,9.522B,880.00M,2018-06,3.032B,-657.00M,-137.00M,-137.00M,3.427B,0,4.781B,319.00M,5.433B,-609.00M,30.00M,5.14B,541.00M,2.398B,19.07B,112.00M,8.383B,9.145B,15.73B,10.69B,6.581B,561.00M,4.051B,2.464B
WHR,2018-03,-2.344B,1.041B,4.099B,1.692B,0,1.31,1.3,5.761B,10.95B,812.00M,2018-03,3.346B,94.00M,-34.00M,-34.00M,3.97B,0,4.19B,287.00M,5.912B,109.00M,15.00M,4.911B,505.00M,4.289B,20.34B,112.00M,8.091B,8.943B,15.12B,12.25B,6.176B,525.00M,4.643B,2.657B
WHR,2017-12,-2.331B,1.196B,4.717B,826.00M,0,-3.74,-3.74,5.709B,10.86B,985.00M,2017-12,2.988B,-268.00M,-58.00M,-58.00M,4.033B,0,4.392B,392.00M,6.324B,209.00M,481.00M,5.702B,566.00M,4.198B,20.04B,112.00M,7.93B,8.505B,14.91B,12.11B,6.405B,593.00M,4.797B,2.665B
WHR,2017-09,-2.316B,1.087B,4.503B,2.113B,0,3.78,3.72,5.697B,10.61B,915.00M,2017-09,3.345B,276.00M,-63.00M,-63.00M,3.865B,0,3.669B,376.00M,6.197B,268.00M,-4.00M,5.418B,521.00M,4.752B,20.84B,112.00M,8.649B,9.636B,15.15B,12.19B,5.515B,539.00M,4.728B,3.102B
WHR,2017-06,-2.328B,1.041B,4.471B,1.77B,0,2.55,2.52,5.655B,10.35B,876.00M,2017-06,3.23B,189.00M,-62.00M,-62.00M,3.811B,0,3.631B,333.00M,6.083B,212.00M,33.00M,5.347B,526.00M,4.731B,20.21B,111.00M,8.229B,9.056B,14.53B,11.98B,5.47B,543.00M,4.733B,2.974B
WHR,2017-03,-2.319B,951.00M,3.96B,1.143B,0,2.05,2.01,5.518B,9.973B,826.00M,2017-03,3.076B,153.00M,-66.00M,-66.00M,3.792B,0,3.89B,310.00M,5.544B,198.00M,40.00M,4.786B,499.00M,4.816B,19.48B,111.00M,7.704B,7.972B,13.70B,11.78B,5.733B,516.00M,4.334B,2.735B
WHR,2016-12,-2.40B,1.085B,4.696B,594.00M,0,2.4,2.36,5.508B,9.865B,960.00M,2016-12,2.623B,180.00M,-33.00M,-33.00M,3.81B,0,3.876B,398.00M,5.807B,308.00M,122.00M,5.656B,545.00M,4.773B,19.15B,111.00M,7.339B,7.662B,13.42B,11.81B,5.763B,562.00M,4.416B,2.711B
WHR,2016-09,-2.176B,1.025B,4.308B,1.671B,0,3.14,3.1,5.649B,10.04B,940.00M,2016-09,3.208B,238.00M,-69.00M,-69.00M,3.768B,0,3.718B,403.00M,5.698B,305.00M,61.00M,5.248B,519.00M,5.004B,20.19B,111.00M,8.587B,8.701B,14.22B,11.60B,5.522B,537.00M,4.312B,2.982B
WHR,2016-06,-2.221B,959.00M,4.229B,1.507B,0,4.2,4.15,5.653B,10.00B,969.00M,2016-06,3.204B,320.00M,-82.00M,-82.00M,3.742B,0,3.712B,408.00M,5.69B,286.00M,-56.00M,5.198B,543.00M,4.872B,19.97B,111.00M,8.373B,8.526B,14.14B,11.60B,5.609B,561.00M,4.391B,2.797B
WHR,2016-03,-2.177B,699.00M,3.793B,1.758B,0,1.94,1.92,5.751B,9.982B,823.00M,2016-03,3.096B,150.00M,-70.00M,-70.00M,3.80B,0,3.251B,332.00M,5.505B,215.00M,59.00M,4.616B,473.00M,4.758B,19.67B,111.00M,7.894B,8.687B,13.98B,11.78B,5.289B,491.00M,4.286B,2.695B
WHR,2015-12,-2.332B,772.00M,4.588B,528.00M,0,2.31,2.28,5.684B,9.727B,972.00M,2015-12,2.619B,180.00M,-55.00M,-55.00M,3.774B,0,3.47B,393.00M,5.784B,282.00M,93.00M,5.56B,560.00M,4.743B,19.01B,111.00M,6.874B,7.744B,13.34B,12.14B,5.592B,579.00M,4.403B,2.53B
WHR,2015-09,-2.211B,698.00M,4.347B,1.31B,0,2.98,2.95,5.744B,9.648B,930.00M,2015-09,2.943B,235.00M,-62.00M,-62.00M,3.684B,0,3.502B,383.00M,5.469B,267.00M,17.00M,5.277B,529.00M,4.863B,19.62B,110.00M,7.879B,8.211B,13.83B,11.74B,5.623B,547.00M,4.162B,2.914B
WHR,2015-06,-2.012B,691.00M,4.303B,1.007B,0,2.24,2.21,5.499B,9.842B,905.00M,2015-06,3.086B,177.00M,2.00M,2.00M,3.813B,0,3.75B,331.00M,5.502B,275.00M,90.00M,5.208B,556.00M,4.931B,19.51B,110.00M,7.873B,7.796B,13.66B,11.64B,5.869B,574.00M,4.179B,2.702B
WHR,2015-03,-2.048B,704.00M,3.993B,654.00M,0,2.42,2.38,5.434B,9.58B,853.00M,2015-03,3.002B,191.00M,-96.00M,-96.00M,3.779B,0,3.977B,336.00M,5.419B,207.00M,9.00M,4.846B,498.00M,4.829B,19.21B,110.00M,7.714B,7.39B,13.46B,11.49B,6.074B,517.00M,4.173B,2.518B
WHR,2014-12,-1.84B,1.026B,4.977B,803.00M,0,1.04,1.02,5.61B,9.94B,1.026B,2014-12,2.74B,81.00M,-110.00M,-110.00M,3.981B,0,3.544B,316.00M,6.255B,171.00M,63.00M,6.003B,694.00M,4.885B,20.00B,110.00M,8.098B,8.403B,14.21B,11.90B,5.803B,710.00M,4.73B,2.768B
WHR,2014-09,-1.451B,987.00M,3.997B,699.00M,0,2.92,2.88,3.403B,9.148B,827.00M,2014-09,2.72B,230.00M,-74.00M,-74.00M,2.986B,0,2.45B,373.00M,4.816B,261.00M,26.00M,4.824B,448.00M,5.198B,15.71B,110.00M,6.959B,6.402B,10.40B,8.749B,3.995B,454.00M,3.789B,2.213B
WHR,2014-06,-1.258B,945.00M,3.895B,315.00M,0,2.29,2.25,3.415B,9.494B,787.00M,2014-06,2.812B,179.00M,-56.00M,-56.00M,3.069B,0,2.461B,325.00M,4.896B,235.00M,50.00M,4.682B,457.00M,5.24B,15.61B,110.00M,7.045B,6.118B,10.26B,8.563B,4.139B,462.00M,3.876B,2.222B
WHR,2014-03,-1.256B,1.672B,3.608B,612.00M,0,2.06,2.02,3.419B,9.423B,755.00M,2014-03,2.666B,160.00M,-67.00M,-67.00M,3.054B,0,2.662B,310.00M,4.761B,214.00M,50.00M,4.363B,439.00M,5.099B,16.04B,109.00M,7.583B,6.454B,10.83B,8.457B,4.373B,445.00M,3.721B,2.08B
WHR,2013-12,-1.298B,1.38B,4.181B,617.00M,0,2.31,2.26,3.426B,9.319B,909.00M,2013-12,2.408B,181.00M,-126.00M,-126.00M,3.041B,0,1.846B,409.00M,5.016B,228.00M,41.00M,5.09B,494.00M,4.924B,15.54B,109.00M,7.022B,6.794B,10.51B,8.522B,3.716B,500.00M,3.865B,2.005B
WHR,2013-09,-1.58B,826.00M,3.837B,611.00M,0,2.46,2.42,3.431B,3.198B,846.00M,2013-09,2.667B,196.00M,-59.00M,-59.00M,2.936B,0,1.834B,381.00M,4.902B,254.00M,55.00M,4.683B,460.00M,4.669B,15.66B,109.00M,7.003B,6.679B,10.87B,8.657B,4.195B,465.00M,3.782B,2.226B
WHR,2013-06,-1.65B,670.00M,3.931B,515.00M,0,2.48,2.44,3.432B,9.013B,817.00M,2013-06,2.505B,198.00M,-83.00M,-83.00M,2.907B,0,1.936B,359.00M,4.643B,245.00M,39.00M,4.748B,453.00M,4.546B,15.27B,109.00M,6.608B,6.231B,10.62B,8.666B,4.385B,458.00M,3.62B,2.216B
WHR,2013-03,-1.563B,750.00M,3.522B,11.00M,0,3.18,3.12,3.439B,9.046B,726.00M,2013-03,2.569B,252.00M,-64.00M,-64.00M,2.961B,0,2.441B,296.00M,4.56B,190.00M,-67.00M,4.248B,421.00M,4.475B,15.33B,108.00M,6.715B,5.801B,10.74B,8.616B,4.944B,430.00M,3.556B,2.08B
WHR,2012-12,-1.531B,1.168B,3.979B,517.00M,0,1.55,1.52,3.449B,9.104B,812.00M,2012-12,2.354B,122.00M,-84.00M,-84.00M,3.034B,0,1.944B,320.00M,4.809B,174.00M,46.00M,4.791B,485.00M,4.26B,15.40B,108.00M,6.827B,6.51B,11.03B,8.569B,4.519B,492.00M,3.698B,2.038B
WHR,2012-09,-1.318B,518.00M,3.791B,530.00M,0,0.95,0.94,3.46B,9.039B,703.00M,2012-09,2.598B,74.00M,-86.00M,-86.00M,2.947B,0,1.92B,275.00M,4.685B,127.00M,47.00M,4.494B,420.00M,4.333B,14.97B,107.00M,6.604B,6.36B,10.53B,8.368B,4.171B,428.00M,3.588B,2.266B
WHR,2012-06,-1.376B,426.00M,3.782B,513.00M,0,1.45,1.43,3.465B,9.056B,728.00M,2012-06,2.583B,113.00M,-70.00M,-70.00M,2.955B,0,1.922B,273.00M,4.518B,124.00M,4.00M,4.51B,447.00M,4.213B,14.61B,107.00M,6.277B,6.06B,10.29B,8.33B,4.229B,455.00M,3.517B,2.125B
WHR,2012-03,-1.131B,583.00M,3.698B,861.00M,0,1.19,1.17,3.479B,9.371B,650.00M,2012-03,2.608B,92.00M,-71.00M,-71.00M,3.097B,0,1.628B,238.00M,4.616B,133.00M,36.00M,4.348B,405.00M,4.355B,15.02B,107.00M,6.277B,6.509B,10.56B,8.738B,4.048B,412.00M,3.581B,2.143B
WHR,2011-12,-1.226B,1.109B,4.198B,362.00M,0,2.66,2.62,3.484B,9.248B,713.00M,2011-12,2.354B,205.00M,-76.00M,-76.00M,3.102B,0,2.129B,284.00M,4.892B,130.00M,-83.00M,4.911B,422.00M,4.181B,15.18B,106.00M,6.422B,6.297B,10.90B,8.759B,4.604B,429.00M,3.512B,2.105B
WHR,2011-09,-990.00M,511.00M,4.052B,378.00M,0,2.31,2.27,3.491B,9.395B,573.00M,2011-09,2.864B,177.00M,-78.00M,-78.00M,3.081B,0,2.133B,172.00M,4.846B,58.00M,-123.00M,4.625B,394.00M,4.239B,15.00B,106.00M,6.46B,6.243B,10.67B,8.543B,4.423B,401.00M,3.536B,2.261B
WHR,2011-06,-687.00M,845.00M,4.061B,378.00M,0,-2.1,-2.1,3.509B,10.20B,669.00M,2011-06,3.071B,-161.00M,-593.00M,-593.00M,3.213B,0,2.143B,237.00M,5.401B,-370.00M,-206.00M,4.73B,425.00M,4.398B,15.91B,106.00M,7.215B,6.869B,11.42B,8.699B,4.546B,432.00M,3.827B,2.455B
