Ticker,Date,Accrued Comprehensive Inc,Cash and Short Term Investments,Cost of Goods Sold,Current Debt & Capital Lease Obligation,Current Deferred Liabilities,EPS Basic,EPS Diluted,Goodwill and Intangibles,Gross PP&E,Gross Profit,Income (Quarterly),Net Income,Net Non-Operating Interest Income Expense,Net Operating Interest Income,Net PP&E,Non-Current Deferred Liabilities,Non-Current Portion of LTD and Capital Lease Obligation,Operating Income,Payables and Accrued Expenses,Pre-Tax Income,Provision for Income Taxes,Revenue,SG&A Expense,Shareholders Equity,Total Assets,Total Capital Stock,Total Current Assets,Total Current Liabilities,Total Liabilities,Total Long Term Assets,Total Long Term Liabilities,Total Operating Expenses,Total Payables,Total Receivables
WLTW,2020-12,-2.359B,17.25B,1.419B,1.123B,96.00M,3.67,3.66,14.25B,3.043B,1.345B,2020-12,476.00M,-64.00M,-64.00M,1.916B,694.00M,5.601B,656.00M,1.774B,602.00M,119.00M,2.764B,0,10.82B,38.53B,0,20.30B,19.33B,27.60B,18.23B,8.267B,689.00M,1.067B,2.679B
WLTW,2020-09,-2.253B,17.21B,1.331B,1.116B,1.733B,0.93,0.93,14.26B,1.891B,678.00M,2020-09,121.00M,-62.00M,-62.00M,1.891B,587.00M,5.556B,115.00M,1.028B,168.00M,46.00M,2.009B,0,10.52B,38.04B,0,19.91B,19.22B,27.42B,18.12B,8.197B,563.00M,832.00M,2.223B
WLTW,2020-06,-2.39B,17.13B,1.363B,669.00M,26.00M,0.73,0.72,14.45B,1.883B,750.00M,2020-06,94.00M,-62.00M,-62.00M,1.883B,575.00M,5.974B,177.00M,1.017B,177.00M,75.00M,2.113B,0,10.34B,38.11B,0,19.92B,19.02B,27.65B,18.19B,8.635B,573.00M,854.00M,2.491B
WLTW,2020-03,-2.446B,16.49B,1.394B,848.00M,17.00M,2.36,2.34,14.52B,1.88B,1.072B,2020-03,305.00M,-61.00M,-61.00M,1.88B,501.00M,6.091B,369.00M,1.512B,391.00M,78.00M,2.466B,0,10.26B,37.73B,0,19.55B,18.62B,27.34B,18.18B,8.714B,703.00M,1.094B,2.669B
WLTW,2019-12,-2.227B,13.89B,1.34B,480.00M,75.00M,4.2,4.18,14.67B,2.91B,1.35B,2019-12,544.00M,-80.00M,-80.00M,2.014B,702.00M,6.287B,688.00M,1.402B,675.00M,124.00M,2.69B,0,10.25B,35.43B,0,17.04B,16.07B,25.06B,18.39B,8.987B,662.00M,1.047B,2.702B
WLTW,2019-09,-2.113B,14.65B,1.283B,635.00M,0,0.58,0.58,14.75B,1.922B,706.00M,2019-09,75.00M,-61.00M,-61.00M,1.922B,858.00M,6.361B,113.00M,967.00M,100.00M,20.00M,1.989B,0,9.887B,35.70B,0,17.40B,16.74B,25.70B,18.30B,8.966B,593.00M,793.00M,2.375B
WLTW,2019-06,-1.993B,15.42B,1.278B,341.00M,0,1.06,1.06,13.51B,1.897B,770.00M,2019-06,138.00M,-56.00M,-56.00M,1.897B,693.00M,5.249B,176.00M,831.00M,187.00M,38.00M,2.048B,0,10.09B,35.17B,0,18.33B,17.20B,24.96B,16.83B,7.758B,594.00M,688.00M,2.578B
WLTW,2019-03,-1.974B,16.12B,1.348B,345.00M,0,2.21,2.2,13.64B,1.903B,964.00M,2019-03,287.00M,-54.00M,-54.00M,1.903B,701.00M,5.504B,365.00M,1.287B,360.00M,67.00M,2.312B,0,10.09B,35.89B,0,19.02B,17.65B,25.68B,16.87B,8.025B,599.00M,907.00M,2.49B
WLTW,2018-12,-1.961B,13.64B,1.233B,186.00M,0,2.91,2.89,13.80B,1.71B,1.139B,2018-12,378.00M,-54.00M,-54.00M,942.00M,706.00M,4.538B,524.00M,811.00M,477.00M,94.00M,2.372B,0,9.852B,32.38B,0,16.42B,15.30B,22.41B,15.96B,7.113B,615.00M,679.00M,2.44B
WLTW,2018-09,-1.627B,14.08B,1.238B,186.00M,0,0.34,0.33,13.89B,0,621.00M,2018-09,44.00M,-51.00M,-51.00M,944.00M,817.00M,4.653B,67.00M,0,36.00M,-10.00M,1.859B,0,10.05B,33.04B,0,16.76B,15.56B,22.88B,16.28B,7.323B,554.00M,0,2.333B
WLTW,2018-06,-1.605B,15.04B,1.275B,85.00M,55.00M,0.44,0.44,14.03B,1.862B,715.00M,2018-06,58.00M,-52.00M,-52.00M,924.00M,829.00M,4.751B,118.00M,858.00M,74.00M,9.00M,1.99B,0,10.23B,34.21B,0,17.89B,16.38B,23.87B,16.32B,7.484B,597.00M,715.00M,2.394B
WLTW,2018-03,-1.43B,14.57B,1.377B,85.00M,1.472B,1.62,1.61,14.32B,1.481B,915.00M,2018-03,215.00M,-51.00M,-51.00M,926.00M,711.00M,4.507B,302.00M,797.00M,264.00M,43.00M,2.292B,0,10.67B,34.21B,0,17.61B,15.80B,23.41B,16.61B,7.606B,613.00M,670.00M,2.60B
WLTW,2017-12,-1.513B,13.18B,1.291B,85.00M,1.257B,1.85,1.84,14.40B,0,787.00M,2017-12,245.00M,-49.00M,-49.00M,985.00M,791.00M,4.616B,219.00M,1.30B,80.00M,-173.00M,2.078B,0,10.13B,32.46B,0,15.86B,14.76B,22.21B,16.60B,7.454B,568.00M,998.00M,2.416B
WLTW,2017-09,-1.676B,13.12B,1.212B,85.00M,1.534B,-0.4,-0.4,14.56B,0,640.00M,2017-09,-54.00M,-47.00M,-47.00M,937.00M,1.019B,4.633B,79.00M,819.00M,-35.00M,19.00M,1.852B,0,9.915B,32.27B,0,15.69B,14.56B,22.25B,16.58B,7.69B,561.00M,703.00M,2.294B
WLTW,2017-06,-1.776B,13.60B,1.211B,85.00M,1.338B,0.24,0.24,14.66B,0,742.00M,2017-06,33.00M,-46.00M,-46.00M,895.00M,990.00M,4.229B,151.00M,589.00M,49.00M,8.00M,1.953B,0,10.26B,32.77B,0,16.23B,15.03B,22.39B,16.54B,7.358B,591.00M,314.00M,2.288B
WLTW,2017-03,-1.908B,13.17B,1.253B,120.00M,1.283B,2.51,2.5,14.69B,0,1.066B,2017-03,344.00M,-46.00M,-46.00M,863.00M,799.00M,3.975B,468.00M,408.00M,398.00M,46.00M,2.319B,0,10.28B,32.23B,0,15.80B,14.58B,21.83B,16.44B,7.243B,598.00M,208.00M,2.307B
WLTW,2016-12,-1.884B,11.38B,1.33B,508.00M,1.178B,0.25,0.25,14.78B,0,597.00M,2016-12,142.00M,-46.00M,-46.00M,839.00M,1.064B,3.49B,23.00M,375.00M,43.00M,-107.00M,1.927B,0,10.06B,30.25B,0,13.79B,13.37B,20.07B,16.46B,6.70B,574.00M,200.00M,2.177B
WLTW,2016-09,-1.221B,12.37B,1.119B,519.00M,0,-0.23,-0.23,15.07B,0,658.00M,2016-09,-32.00M,-45.00M,-45.00M,811.00M,1.34B,3.407B,86.00M,421.00M,-58.00M,-26.00M,1.777B,0,10.77B,31.80B,0,14.73B,14.22B,20.90B,17.07B,6.683B,572.00M,252.00M,2.115B
WLTW,2016-06,-1.181B,12.72B,1.201B,528.00M,0,0.52,0.51,15.24B,0,748.00M,2016-06,72.00M,-47.00M,-47.00M,794.00M,1.356B,3.428B,206.00M,469.00M,95.00M,19.00M,1.949B,0,11.05B,32.41B,0,15.23B,14.42B,21.22B,17.18B,6.804B,542.00M,250.00M,2.255B
WLTW,2016-03,-1.053B,12.98B,1.196B,1.144B,0,1.76,1.75,15.56B,0,1.038B,2016-03,238.00M,-46.00M,-46.00M,790.00M,1.487B,2.94B,403.00M,0,262.00M,18.00M,2.234B,0,11.15B,33.03B,0,15.58B,15.26B,21.72B,17.45B,6.469B,635.00M,0,2.34B
WLTW,2015-12,-1.037B,10.99B,605.00M,988.00M,820.00M,-0.35,-0.35,4.852B,1.091B,369.00M,2015-12,-24.00M,-39.00M,-39.00M,563.00M,498.00M,2.453B,119.00M,202.00M,-8.00M,4.00M,974.00M,0,2.229B,18.84B,0,12.50B,12.80B,16.48B,6.336B,3.678B,250.00M,120.00M,1.324B
WLTW,2015-09,-954.00M,10.98B,570.00M,323.00M,610.00M,1.72,1.7,3.815B,980.00M,276.00M,2015-09,117.00M,-35.00M,-35.00M,531.00M,414.00M,2.41B,51.00M,419.00M,1.00M,-112.00M,846.00M,0,2.393B,17.81B,0,12.33B,11.88B,15.33B,5.479B,3.446B,225.00M,419.00M,1.221B
WLTW,2015-06,-872.00M,11.49B,561.00M,468.00M,538.00M,1.03,1.01,3.772B,949.00M,361.00M,2015-06,70.00M,-35.00M,-35.00M,516.00M,470.00M,2.219B,143.00M,483.00M,93.00M,19.00M,922.00M,0,2.393B,18.32B,0,12.95B,12.50B,15.83B,5.373B,3.335B,218.00M,483.00M,1.328B
WLTW,2015-03,-952.00M,9.947B,567.00M,168.00M,438.00M,3.09,3.04,3.307B,0,520.00M,2015-03,210.00M,-33.00M,-33.00M,462.00M,275.00M,2.301B,324.00M,475.00M,254.00M,56.00M,1.087B,0,2.298B,16.10B,0,11.33B,10.55B,13.78B,4.777B,3.236B,196.00M,475.00M,1.245B
WLTW,2014-12,-1.066B,9.583B,600.00M,167.00M,627.00M,1.139,1.113,3.387B,0,358.00M,2014-12,76.00M,-34.00M,-34.00M,483.00M,265.00M,2.301B,155.00M,444.00M,123.00M,35.00M,958.00M,0,1.985B,15.42B,0,10.84B,10.21B,13.41B,4.582B,3.203B,203.00M,444.00M,1.175B
WLTW,2014-09,-735.00M,9.492B,569.00M,165.00M,517.00M,-0.106,-0.106,3.134B,0,243.00M,2014-09,-7.00M,-34.00M,-34.00M,481.00M,218.00M,2.325B,51.00M,471.00M,-9.00M,2.00M,812.00M,0,2.258B,15.21B,0,10.82B,10.00B,12.94B,4.384B,2.93B,192.00M,471.00M,1.13B
WLTW,2014-06,-660.00M,10.69B,575.00M,15.00M,471.00M,0.6887,0.6887,3.23B,0,360.00M,2014-06,47.00M,-35.00M,-35.00M,496.00M,216.00M,2.488B,151.00M,515.00M,110.00M,59.00M,935.00M,0,2.444B,16.55B,0,12.07B,10.98B,14.09B,4.479B,3.105B,209.00M,515.00M,1.242B
WLTW,2014-03,-685.00M,10.04B,570.00M,15.00M,407.00M,3.629,3.576,3.174B,0,527.00M,2014-03,246.00M,-32.00M,-32.00M,482.00M,166.00M,2.491B,326.00M,548.00M,294.00M,63.00M,1.097B,0,2.442B,15.83B,0,11.44B,10.28B,13.36B,4.383B,3.08B,201.00M,548.00M,1.268B
WLTW,2013-12,-693.00M,9.208B,569.00M,15.00M,637.00M,1.007,0.9801,3.191B,0,350.00M,2013-12,68.00M,-33.00M,-33.00M,481.00M,158.00M,2.494B,145.00M,410.00M,119.00M,34.00M,919.00M,0,2.215B,14.80B,0,10.46B,9.474B,12.56B,4.339B,3.083B,205.00M,410.00M,1.139B
WLTW,2013-09,-808.00M,9.82B,541.00M,17.00M,531.00M,-0.3974,-0.3974,3.207B,0,254.00M,2013-09,-27.00M,-30.00M,-30.00M,472.00M,116.00M,2.515B,70.00M,389.00M,-15.00M,11.00M,795.00M,0,2.024B,15.32B,0,11.01B,10.14B,13.28B,4.309B,3.141B,184.00M,382.00M,1.019B
WLTW,2013-06,-880.00M,10.41B,529.00M,17.00M,446.00M,1.589,1.563,3.202B,881.00M,361.00M,2013-06,105.00M,-32.00M,-32.00M,452.00M,115.00M,2.519B,167.00M,383.00M,139.00M,29.00M,890.00M,489.00M,1.977B,15.94B,0,11.67B,10.76B,13.94B,4.264B,3.173B,194.00M,346.00M,1.147B
WLTW,2013-03,-886.00M,10.34B,568.00M,15.00M,478.00M,3.364,3.285,3.182B,792.00M,483.00M,2013-03,219.00M,-31.00M,-31.00M,447.00M,114.00M,2.58B,281.00M,358.00M,256.00M,48.00M,1.051B,505.00M,1.865B,15.80B,0,11.60B,10.67B,13.91B,4.207B,3.238B,202.00M,351.00M,1.086B
WLTW,2012-12,-850.00M,9.771B,967.00M,15.00M,574.00M,-12.32,-12.32,3.212B,0,-96.00M,2012-12,-805.00M,-31.00M,-31.00M,468.00M,119.00M,2.511B,-300.00M,325.00M,-806.00M,-13.00M,871.00M,583.00M,1.699B,15.11B,0,10.90B,10.19B,13.39B,4.214B,3.193B,204.00M,325.00M,1.041B
WLTW,2012-09,-717.00M,424.00M,502.00M,15.00M,299.00M,0.3974,0.3974,3.683B,0,252.00M,2012-09,26.00M,-32.00M,-32.00M,446.00M,184.00M,2.39B,71.00M,345.00M,38.00M,10.00M,754.00M,0,2.674B,17.00B,0,12.12B,11.09B,14.30B,4.887B,3.219B,181.00M,337.00M,908.00M
WLTW,2012-06,-744.00M,407.00M,500.00M,14.00M,296.00M,1.642,1.616,3.689B,0,342.00M,2012-06,108.00M,-33.00M,-33.00M,428.00M,157.00M,2.424B,179.00M,281.00M,146.00M,36.00M,842.00M,0,2.687B,17.61B,0,12.73B,11.65B,14.90B,4.882B,3.248B,163.00M,198.00M,1.102B
WLTW,2012-03,-713.00M,464.00M,506.00M,17.00M,310.00M,3.425,3.391,3.714B,0,507.00M,2012-03,225.00M,-32.00M,-32.00M,426.00M,47.00M,2.435B,317.00M,62.00M,285.00M,68.00M,1.013B,0,2.675B,17.09B,0,12.22B,11.09B,14.39B,4.874B,3.296B,190.00M,62.00M,1.009B
WLTW,2011-12,-744.00M,9.774B,2.087B,15.00M,346.00M,0.6093,0.6093,3.715B,0,-1.268B,2011-12,25.00M,-215.00M,-215.00M,406.00M,138.00M,2.545B,81.00M,290.00M,37.00M,-2.00M,819.00M,0,2.486B,15.73B,0,10.99B,9.996B,13.21B,4.741B,3.215B,-1.349B,253.00M,987.00M
WLTW,2011-09,-539.00M,363.00M,0,114.00M,304.00M,0.9272,0.9007,3.737B,0,760.00M,2011-09,60.00M,-38.00M,-38.00M,387.00M,235.00M,2.312B,90.00M,305.00M,52.00M,2.00M,760.00M,0,2.688B,16.62B,0,11.70B,10.82B,13.90B,4.915B,3.078B,670.00M,298.00M,1.012B
WLTW,2011-06,-488.00M,317.00M,0,114.00M,345.00M,1.298,1.272,3.778B,0,861.00M,2011-06,85.00M,-34.00M,-34.00M,391.00M,111.00M,2.307B,156.00M,50.00M,122.00M,31.00M,861.00M,0,2.707B,17.94B,0,12.98B,12.08B,15.20B,4.96B,3.119B,705.00M,50.00M,1.049B
WLTW,2011-03,-509.00M,432.00M,0,145.00M,357.00M,0.5298,0.5298,3.789B,0,1.007B,2011-03,34.00M,-40.00M,-40.00M,386.00M,65.00M,2.432B,235.00M,29.00M,28.00M,1.00M,1.007B,0,2.63B,17.24B,0,12.30B,11.36B,14.57B,4.934B,3.211B,772.00M,29.00M,992.00M
