Ticker,Date,Accrued Comprehensive Inc,Cash and Short Term Investments,Cost of Goods Sold,Current Debt & Capital Lease Obligation,Current Deferred Liabilities,EPS Basic,EPS Diluted,Goodwill and Intangibles,Gross PP&E,Gross Profit,Income (Quarterly),Inventories,Net Income,Net Non-Operating Interest Income Expense,Net Operating Interest Income,Net PP&E,Non-Current Deferred Liabilities,Non-Current Portion of LTD and Capital Lease Obligation,Operating Income,Payables and Accrued Expenses,Pre-Tax Income,Provision for Income Taxes,Revenue,SG&A Expense,Shareholders Equity,Total Assets,Total Capital Stock,Total Current Assets,Total Current Liabilities,Total Liabilities,Total Long Term Assets,Total Long Term Liabilities,Total Operating Expenses,Total Payables,Total Receivables
WM,2020-12,39.00M,553.00M,2.50B,551.00M,539.00M,1.04,1.03,10.02B,34.24B,1.567B,2020-12,124.00M,438.00M,-97.00M,-97.00M,14.15B,1.806B,13.26B,621.00M,2.463B,547.00M,109.00M,4.067B,496.00M,7.452B,29.34B,6.00M,3.54B,3.553B,21.89B,25.80B,18.34B,946.00M,1.121B,2.624B
WM,2020-09,-16.00M,703.00M,2.332B,167.00M,496.00M,0.92,0.92,6.954B,32.11B,1.529B,2020-09,117.00M,390.00M,-97.00M,-97.00M,12.85B,1.468B,10.26B,694.00M,2.143B,516.00M,126.00M,3.861B,412.00M,7.155B,24.77B,6.00M,3.357B,2.806B,17.62B,21.42B,14.81B,835.00M,884.00M,2.217B
WM,2020-06,-41.00M,2.663B,2.18B,3.19B,494.00M,0.73,0.72,6.984B,31.95B,1.381B,2020-06,118.00M,307.00M,-119.00M,-119.00M,12.92B,1.367B,9.598B,590.00M,2.088B,395.00M,88.00M,3.561B,355.00M,6.891B,26.62B,6.00M,5.106B,5.772B,19.73B,21.51B,13.95B,791.00M,904.00M,2.107B
WM,2020-03,-91.00M,3.125B,2.329B,387.00M,497.00M,0.85,0.85,6.992B,31.66B,1.40B,2020-03,116.00M,361.00M,-112.00M,-112.00M,12.90B,1.387B,13.06B,573.00M,2.186B,435.00M,74.00M,3.729B,411.00M,6.743B,27.18B,6.00M,5.635B,3.07B,20.43B,21.54B,17.36B,827.00M,1.031B,2.168B
WM,2019-12,-8.00M,3.561B,2.314B,218.00M,534.00M,1.05,1.05,7.053B,31.55B,1.532B,2019-12,106.00M,447.00M,-110.00M,-110.00M,12.89B,1.407B,13.28B,692.00M,2.392B,531.00M,84.00M,3.846B,433.00M,7.068B,27.74B,6.00M,6.209B,3.144B,20.67B,21.53B,17.53B,840.00M,1.065B,2.319B
WM,2019-09,-33.00M,2.915B,2.441B,211.00M,517.00M,1.17,1.16,7.093B,31.30B,1.526B,2019-09,109.00M,495.00M,-105.00M,-105.00M,12.80B,1.331B,13.15B,736.00M,2.261B,615.00M,120.00M,3.967B,379.00M,6.785B,27.11B,6.00M,5.56B,2.989B,20.32B,21.55B,17.33B,790.00M,903.00M,2.28B
WM,2019-06,-22.00M,2.25B,2.443B,116.00M,526.00M,0.9,0.89,7.059B,31.28B,1.503B,2019-06,104.00M,381.00M,-100.00M,-100.00M,12.66B,1.289B,12.62B,703.00M,2.204B,497.00M,115.00M,3.946B,381.00M,6.466B,25.99B,6.00M,4.836B,2.846B,19.52B,21.15B,16.67B,800.00M,908.00M,2.26B
WM,2019-03,-53.00M,57.00M,2.298B,1.043B,512.00M,0.82,0.81,7.049B,30.74B,1.398B,2019-03,105.00M,347.00M,-96.00M,-96.00M,12.39B,1.297B,9.323B,623.00M,2.057B,462.00M,115.00M,3.696B,400.00M,6.415B,23.37B,6.00M,2.488B,3.612B,16.96B,20.88B,13.34B,775.00M,899.00M,2.081B
WM,2018-12,-87.00M,61.00M,2.379B,432.00M,522.00M,1.25,1.24,7.002B,30.21B,1.463B,2018-12,102.00M,531.00M,-97.00M,-97.00M,11.94B,1.291B,9.594B,723.00M,2.154B,659.00M,128.00M,3.842B,351.00M,6.275B,22.65B,6.00M,2.645B,3.108B,16.37B,20.00B,13.27B,740.00M,1.037B,2.275B
WM,2018-09,-16.00M,83.00M,2.373B,447.00M,512.00M,1.16,1.16,6.944B,29.99B,1.449B,2018-09,103.00M,499.00M,-93.00M,-93.00M,11.82B,1.245B,9.569B,728.00M,2.111B,597.00M,99.00M,3.822B,332.00M,6.239B,22.59B,6.00M,2.675B,3.07B,16.35B,19.92B,13.28B,721.00M,940.00M,2.342B
WM,2018-06,-49.00M,47.00M,2.313B,828.00M,517.00M,1.16,1.15,6.899B,29.68B,1.426B,2018-06,100.00M,499.00M,-93.00M,-93.00M,11.62B,1.25B,8.968B,677.00M,1.96B,609.00M,110.00M,3.739B,355.00M,6.054B,22.01B,6.00M,2.471B,3.305B,15.96B,19.54B,12.65B,749.00M,829.00M,2.189B
WM,2018-03,-28.00M,52.00M,2.184B,1.056B,495.00M,0.91,0.91,6.924B,29.50B,1.327B,2018-03,98.00M,396.00M,-91.00M,-91.00M,11.64B,1.258B,8.901B,607.00M,1.822B,511.00M,116.00M,3.511B,362.00M,6.044B,22.11B,6.00M,2.491B,3.373B,16.04B,19.62B,12.67B,720.00M,791.00M,2.204B
WM,2017-12,8.00M,22.00M,2.263B,739.00M,503.00M,2.08,2.06,6.794B,29.26B,1.389B,2017-12,96.00M,903.00M,-91.00M,-91.00M,11.56B,1.248B,8.752B,678.00M,2.02B,584.00M,-319.00M,3.652B,357.00M,6.019B,21.83B,6.00M,2.694B,3.262B,15.79B,19.14B,12.52B,711.00M,1.04B,2.374B
WM,2017-09,14.00M,35.00M,2.302B,850.00M,484.00M,0.88,0.87,6.828B,28.96B,1.414B,2017-09,99.00M,386.00M,-90.00M,-90.00M,11.14B,1.452B,8.495B,708.00M,1.925B,603.00M,215.00M,3.716B,346.00M,5.278B,20.95B,6.00M,2.30B,3.259B,15.65B,18.65B,12.39B,706.00M,789.00M,2.002B
WM,2017-06,-33.00M,32.00M,2.29B,390.00M,497.00M,0.82,0.81,6.821B,28.57B,1.387B,2017-06,96.00M,362.00M,-90.00M,-90.00M,11.00B,1.487B,8.667B,678.00M,1.883B,570.00M,209.00M,3.677B,343.00M,5.486B,20.84B,6.00M,2.326B,2.77B,15.33B,18.51B,12.56B,709.00M,808.00M,2.077B
WM,2017-03,-66.00M,30.00M,2.166B,396.00M,479.00M,0.68,0.67,6.795B,28.21B,1.274B,2017-03,95.00M,298.00M,-92.00M,-92.00M,10.93B,1.521B,8.646B,556.00M,1.683B,434.00M,137.00M,3.44B,380.00M,5.517B,20.65B,6.00M,2.223B,2.558B,15.11B,18.43B,12.55B,718.00M,720.00M,1.972B
WM,2016-12,-80.00M,32.00M,2.147B,417.00M,493.00M,0.76,0.75,6.806B,28.10B,1.313B,2016-12,90.00M,335.00M,-94.00M,-94.00M,10.95B,1.482B,8.893B,622.00M,1.884B,510.00M,176.00M,3.46B,364.00M,5.297B,20.86B,6.00M,2.376B,2.794B,15.54B,18.48B,12.74B,691.00M,799.00M,2.132B
WM,2016-09,-63.00M,30.00M,2.216B,432.00M,475.00M,0.68,0.68,6.844B,27.84B,1.332B,2016-09,93.00M,302.00M,-94.00M,-94.00M,10.84B,1.428B,8.829B,666.00M,1.757B,457.00M,153.00M,3.548B,322.00M,5.359B,20.76B,6.00M,2.293B,2.664B,15.37B,18.46B,12.71B,666.00M,689.00M,2.04B
WM,2016-06,-49.00M,39.00M,2.13B,614.00M,483.00M,0.65,0.64,6.862B,27.66B,1.295B,2016-06,93.00M,287.00M,-93.00M,-93.00M,10.84B,1.395B,8.916B,615.00M,1.709B,459.00M,173.00M,3.425B,333.00M,5.208B,20.75B,6.00M,2.276B,2.806B,15.52B,18.48B,12.72B,680.00M,620.00M,2.023B
WM,2016-03,-58.00M,104.00M,1.993B,524.00M,465.00M,0.58,0.58,6.86B,27.39B,1.183B,2016-03,92.00M,258.00M,-95.00M,-95.00M,10.80B,1.438B,9.072B,509.00M,1.571B,396.00M,140.00M,3.176B,351.00M,5.29B,20.78B,6.00M,2.302B,2.56B,15.47B,18.48B,12.91B,674.00M,591.00M,1.988B
WM,2015-12,-127.00M,39.00M,2.027B,253.00M,472.00M,0.61,0.61,6.461B,27.08B,1.219B,2015-12,92.00M,273.00M,-91.00M,-91.00M,10.66B,1.391B,8.676B,575.00M,1.785B,397.00M,124.00M,3.246B,333.00M,5.345B,20.37B,6.00M,2.345B,2.51B,15.00B,18.02B,12.49B,644.00M,721.00M,2.094B
WM,2015-09,-91.00M,113.00M,2.095B,215.00M,461.00M,0.75,0.74,6.381B,27.04B,1.265B,2015-09,92.00M,335.00M,-95.00M,-95.00M,10.66B,1.49B,8.835B,605.00M,1.766B,496.00M,159.00M,3.36B,322.00M,5.235B,20.40B,6.00M,2.399B,2.442B,15.14B,18.00B,12.70B,660.00M,671.00M,2.002B
WM,2015-06,-34.00M,273.00M,2.163B,196.00M,479.00M,0.6,0.6,6.392B,26.87B,1.152B,2015-06,102.00M,274.00M,-95.00M,-95.00M,10.66B,1.409B,8.91B,508.00M,1.802B,389.00M,116.00M,3.315B,316.00M,5.386B,20.58B,6.00M,2.553B,2.477B,15.17B,18.02B,12.69B,644.00M,707.00M,1.953B
WM,2015-03,-50.00M,277.00M,1.946B,168.00M,463.00M,-0.28,-0.28,6.419B,26.71B,1.094B,2015-03,109.00M,-129.00M,-104.00M,-104.00M,10.68B,1.491B,9.039B,454.00M,1.642B,-222.00M,-91.00M,3.04B,336.00M,5.554B,20.69B,6.00M,2.617B,2.273B,15.12B,18.07B,12.84B,640.00M,634.00M,2.008B
WM,2014-12,23.00M,1.307B,2.17B,1.09B,475.00M,1.29,1.28,6.18B,26.62B,1.267B,2014-12,106.00M,590.00M,-114.00M,-114.00M,10.66B,1.338B,8.345B,584.00M,1.92B,599.00M,1.00M,3.437B,366.00M,5.866B,21.30B,6.00M,3.526B,3.485B,15.41B,17.77B,11.92B,683.00M,740.00M,1.937B
WM,2014-09,77.00M,183.00M,2.299B,1.141B,467.00M,0.59,0.58,6.23B,26.88B,1.303B,2014-09,106.00M,270.00M,-116.00M,-116.00M,10.85B,1.522B,9.023B,597.00M,1.812B,414.00M,133.00M,3.602B,365.00M,5.364B,22.21B,6.00M,4.116B,3.789B,16.55B,18.10B,12.76B,706.00M,712.00M,1.713B
WM,2014-06,135.00M,137.00M,2.301B,786.00M,471.00M,0.45,0.45,6.587B,29.03B,1.26B,2014-06,166.00M,210.00M,-115.00M,-115.00M,12.03B,1.796B,9.011B,568.00M,1.723B,402.00M,180.00M,3.561B,347.00M,5.853B,22.18B,6.00M,2.355B,2.98B,16.03B,19.82B,13.05B,692.00M,692.00M,1.797B
WM,2014-03,89.00M,339.00M,2.232B,1.216B,462.00M,0.49,0.49,6.571B,29.04B,1.164B,2014-03,174.00M,228.00M,-121.00M,-121.00M,12.17B,1.815B,8.978B,472.00M,1.679B,336.00M,99.00M,3.396B,362.00M,5.737B,22.44B,6.00M,2.535B,3.357B,16.40B,19.91B,13.05B,692.00M,663.00M,1.751B
WM,2013-12,154.00M,235.00M,2.267B,726.00M,475.00M,-1.29,-1.29,6.599B,29.07B,1.233B,2013-12,178.00M,-605.00M,-116.00M,-116.00M,12.34B,1.842B,9.50B,530.00M,1.813B,-603.00M,-4.00M,3.50B,363.00M,5.707B,22.60B,6.00M,2.499B,3.014B,16.60B,20.10B,13.59B,703.00M,744.00M,1.81B
WM,2013-09,169.00M,157.00M,2.325B,568.00M,472.00M,0.62,0.62,7.162B,29.43B,1.296B,2013-09,178.00M,291.00M,-119.00M,-119.00M,12.62B,1.994B,9.491B,603.00M,1.822B,452.00M,155.00M,3.621B,347.00M,6.708B,23.61B,6.00M,2.417B,2.862B,16.60B,21.20B,13.74B,693.00M,763.00M,1.86B
WM,2013-06,134.00M,154.00M,2.311B,776.00M,481.00M,0.52,0.52,6.802B,29.01B,1.215B,2013-06,171.00M,244.00M,-121.00M,-121.00M,12.47B,1.923B,8.994B,523.00M,1.765B,383.00M,127.00M,3.526B,347.00M,6.509B,23.01B,6.00M,2.404B,3.022B,16.19B,20.61B,13.17B,692.00M,696.00M,1.853B
WM,2013-03,160.00M,307.00M,2.209B,964.00M,466.00M,0.36,0.36,6.823B,28.83B,1.127B,2013-03,177.00M,168.00M,-121.00M,-121.00M,12.51B,1.928B,9.045B,414.00M,1.758B,262.00M,86.00M,3.336B,370.00M,6.395B,23.16B,6.00M,2.497B,3.188B,16.44B,20.66B,13.25B,713.00M,674.00M,1.779B
WM,2012-12,193.00M,194.00M,2.224B,743.00M,465.00M,0.48,0.48,6.688B,28.76B,1.21B,2012-12,174.00M,224.00M,-122.00M,-122.00M,12.65B,1.947B,9.173B,528.00M,1.828B,349.00M,114.00M,3.434B,338.00M,6.354B,23.10B,6.00M,2.423B,3.036B,16.42B,20.67B,13.39B,682.00M,842.00M,1.839B
WM,2012-09,200.00M,398.00M,2.229B,826.00M,459.00M,0.46,0.46,6.664B,28.52B,1.232B,2012-09,155.00M,214.00M,-121.00M,-121.00M,12.52B,1.896B,9.166B,566.00M,1.902B,348.00M,125.00M,3.461B,322.00M,6.288B,23.07B,6.00M,2.659B,3.187B,16.46B,20.41B,13.27B,666.00M,787.00M,1.868B
WM,2012-06,163.00M,237.00M,2.26B,853.00M,469.00M,0.45,0.45,6.653B,28.10B,1.199B,2012-06,147.00M,208.00M,-120.00M,-120.00M,12.36B,1.879B,8.973B,502.00M,1.865B,334.00M,115.00M,3.459B,360.00M,6.168B,22.69B,6.00M,2.454B,3.187B,16.20B,20.24B,13.02B,697.00M,720.00M,1.831B
WM,2012-03,206.00M,189.00M,2.166B,860.00M,465.00M,0.37,0.37,6.684B,27.84B,1.129B,2012-03,153.00M,171.00M,-121.00M,-121.00M,12.30B,1.889B,8.989B,405.00M,1.722B,272.00M,89.00M,3.295B,392.00M,6.159B,22.54B,6.00M,2.285B,3.047B,16.05B,20.25B,13.01B,724.00M,662.00M,1.72B
WM,2011-12,172.00M,258.00M,2.145B,631.00M,470.00M,0.58,0.58,6.672B,27.55B,1.261B,2011-12,153.00M,266.00M,-121.00M,-121.00M,12.24B,1.884B,9.125B,560.00M,1.967B,412.00M,134.00M,3.406B,360.00M,6.07B,22.57B,6.00M,2.379B,3.068B,16.18B,20.19B,13.11B,701.00M,838.00M,1.775B
WM,2011-09,144.00M,282.00M,2.261B,225.00M,473.00M,0.58,0.58,6.501B,27.02B,1.261B,2011-09,142.00M,272.00M,-117.00M,-117.00M,11.91B,1.695B,9.388B,564.00M,1.829B,421.00M,136.00M,3.522B,380.00M,5.948B,22.05B,6.00M,2.419B,2.527B,15.77B,19.63B,13.24B,697.00M,676.00M,1.799B
WM,2011-06,259.00M,371.00M,2.14B,198.00M,465.00M,0.5,0.5,6.103B,26.88B,1.207B,2011-06,137.00M,237.00M,-117.00M,-117.00M,11.92B,1.704B,8.839B,506.00M,1.632B,381.00M,131.00M,3.347B,382.00M,6.291B,21.58B,6.00M,2.374B,2.295B,14.96B,19.21B,12.66B,701.00M,576.00M,1.713B
WM,2011-03,257.00M,676.00M,1.995B,285.00M,458.00M,0.39,0.39,6.089B,26.57B,1.108B,2011-03,130.00M,186.00M,-118.00M,-118.00M,11.86B,1.67B,8.882B,427.00M,1.62B,306.00M,110.00M,3.103B,382.00M,6.298B,21.65B,6.00M,2.548B,2.363B,15.02B,19.10B,12.65B,681.00M,546.00M,1.561B
