Ticker,Date,Accrued Comprehensive Inc,Cash and Short Term Investments,Cost of Goods Sold,Current Debt & Capital Lease Obligation,Current Deferred Liabilities,EPS Basic,EPS Diluted,Goodwill and Intangibles,Gross PP&E,Gross Profit,Income (Quarterly),Inventories,Net Income,Net Non-Operating Interest Income Expense,Net Operating Interest Income,Net PP&E,Non-Current Deferred Liabilities,Non-Current Portion of LTD and Capital Lease Obligation,Operating Income,Payables and Accrued Expenses,Pre-Tax Income,Provision for Income Taxes,Revenue,SG&A Expense,Shareholders Equity,Total Assets,Total Capital Stock,Total Current Assets,Total Current Liabilities,Total Liabilities,Total Long Term Assets,Total Long Term Liabilities,Total Operating Expenses,Total Payables,Total Receivables
WMB,2020-12,-96.00M,142.00M,953.00M,921.00M,129.00M,0.09,0.09,7.444B,42.49B,1.139B,2020-12,136.00M,116.00M,-290.00M,-290.00M,28.93B,1.923B,21.45B,700.00M,1.206B,185.00M,55.00M,2.092B,112.00M,11.77B,44.16B,1.283B,1.429B,2.319B,29.58B,42.74B,27.26B,439.00M,482.00M,999.00M
WMB,2020-09,-160.00M,70.00M,827.00M,432.00M,158.00M,0.25,0.25,7.531B,42.38B,1.106B,2020-09,157.00M,309.00M,-292.00M,-292.00M,29.11B,1.846B,21.95B,641.00M,1.429B,434.00M,111.00M,1.933B,114.00M,12.06B,44.32B,1.283B,1.403B,1.861B,29.42B,42.92B,27.56B,465.00M,464.00M,1.011B
WMB,2020-06,-176.00M,1.133B,716.00M,626.00M,244.00M,0.25,0.25,7.609B,42.09B,1.065B,2020-06,134.00M,303.00M,-294.00M,-294.00M,29.14B,1.729B,22.32B,612.00M,1.812B,432.00M,117.00M,1.781B,127.00M,12.21B,45.34B,1.283B,2.338B,2.438B,30.26B,43.00B,27.82B,453.00M,769.00M,907.00M
WMB,2020-03,-205.00M,400.00M,838.00M,628.00M,0,-0.43,-0.43,7.688B,41.77B,1.075B,2020-03,105.00M,-517.00M,-296.00M,-296.00M,29.14B,1.602B,21.85B,618.00M,1.488B,-774.00M,-204.00M,1.913B,113.00M,12.35B,44.63B,1.283B,1.565B,2.116B,29.37B,43.06B,27.25B,457.00M,359.00M,930.00M
WMB,2019-12,-199.00M,289.00M,980.00M,2.161B,0,0.1,0.1,7.959B,41.51B,1.127B,2019-12,125.00M,124.00M,-298.00M,-298.00M,29.20B,1.782B,20.15B,624.00M,1.601B,40.00M,91.00M,2.107B,148.00M,13.36B,46.04B,1.282B,1.58B,3.968B,29.68B,44.46B,25.71B,503.00M,552.00M,996.00M
WMB,2019-09,-266.00M,247.00M,888.00M,1.538B,0,0.18,0.18,8.041B,41.65B,1.111B,2019-09,129.00M,221.00M,-296.00M,-296.00M,29.61B,1.651B,20.72B,628.00M,1.786B,319.00M,77.00M,1.999B,130.00M,13.62B,46.28B,1.282B,1.434B,3.324B,29.42B,44.85B,26.10B,483.00M,602.00M,875.00M
WMB,2019-06,-265.00M,806.00M,931.00M,1.563B,0,0.26,0.26,8.123B,40.87B,1.11B,2019-06,134.00M,310.00M,-296.00M,-296.00M,29.13B,1.567B,20.71B,562.00M,1.826B,422.00M,98.00M,2.041B,152.00M,13.85B,46.51B,1.281B,2.028B,3.389B,29.43B,44.48B,26.04B,548.00M,627.00M,879.00M
WMB,2019-03,-267.00M,43.00M,981.00M,2.575B,0,0.16,0.16,8.096B,40.54B,1.073B,2019-03,129.00M,195.00M,-296.00M,-296.00M,29.08B,1.601B,20.70B,561.00M,1.594B,283.00M,69.00M,2.054B,128.00M,14.41B,45.97B,1.281B,1.287B,4.169B,30.24B,44.68B,26.08B,512.00M,620.00M,929.00M
WMB,2018-12,-270.00M,168.00M,1.149B,47.00M,0,-0.4727,-0.4727,7.767B,38.66B,1.055B,2018-12,130.00M,-571.00M,-294.00M,-294.00M,27.50B,1.524B,22.37B,523.00M,1.456B,-705.00M,-159.00M,2.204B,133.00M,14.66B,45.30B,1.28B,1.464B,1.811B,29.30B,43.84B,27.49B,532.00M,662.00M,992.00M
WMB,2018-09,-291.00M,42.00M,1.245B,856.00M,0,0.13,0.13,8.324B,39.95B,1.058B,2018-09,153.00M,129.00M,-270.00M,-270.00M,28.67B,1.648B,21.41B,501.00M,1.856B,390.00M,190.00M,2.303B,174.00M,15.61B,47.15B,1.28B,1.984B,2.761B,30.19B,45.17B,27.43B,557.00M,739.00M,883.00M
WMB,2018-06,-293.00M,275.00M,1.096B,2.00M,361.00M,0.16,0.16,8.406B,40.86B,995.00M,2018-06,153.00M,135.00M,-275.00M,-275.00M,28.95B,3.267B,21.31B,476.00M,1.956B,321.00M,52.00M,2.091B,130.00M,9.345B,46.37B,862.00M,1.541B,1.958B,30.93B,44.83B,28.97B,519.00M,893.00M,844.00M
WMB,2018-03,-294.00M,1.292B,1.079B,501.00M,338.00M,0.18,0.18,8.644B,40.47B,1.009B,2018-03,160.00M,152.00M,-273.00M,-273.00M,28.85B,3.196B,21.38B,491.00M,1.663B,325.00M,55.00M,2.088B,132.00M,9.473B,47.05B,862.00M,2.399B,2.164B,31.15B,44.65B,28.98B,518.00M,776.00M,743.00M
WMB,2017-12,-238.00M,899.00M,1.108B,501.00M,0,2.042,2.03,8.791B,39.51B,1.12B,2017-12,113.00M,1.687B,-265.00M,-265.00M,28.21B,3.147B,20.43B,531.00M,1.784B,-478.00M,-2.10B,2.228B,142.00M,9.656B,46.35B,861.00M,2.179B,2.646B,30.18B,44.17B,27.53B,589.00M,978.00M,976.00M
WMB,2017-09,-331.00M,1.172B,937.00M,502.00M,0,0.04,0.04,8.873B,38.71B,954.00M,2017-09,144.00M,33.00M,-267.00M,-267.00M,27.71B,5.211B,20.57B,389.00M,1.852B,149.00M,24.00M,1.891B,138.00M,8.109B,46.12B,861.00M,2.293B,2.354B,31.24B,43.83B,28.88B,565.00M,773.00M,783.00M
WMB,2017-06,-331.00M,1.918B,970.00M,1.951B,0,0.1,0.1,9.481B,38.90B,954.00M,2017-06,150.00M,81.00M,-271.00M,-271.00M,28.04B,5.20B,21.32B,403.00M,2.009B,258.00M,65.00M,1.924B,153.00M,8.306B,48.77B,861.00M,3.969B,3.996B,33.59B,44.80B,29.59B,551.00M,734.00M,693.00M
WMB,2017-03,-334.00M,639.00M,1.021B,0,0,0.45,0.45,9.57B,38.34B,967.00M,2017-03,148.00M,373.00M,-280.00M,-280.00M,27.76B,5.133B,21.82B,430.00M,2.002B,606.00M,37.00M,1.988B,161.00M,8.444B,47.51B,861.00M,2.845B,2.045B,32.10B,44.67B,30.06B,537.00M,680.00M,867.00M
WMB,2016-12,-339.00M,170.00M,982.00M,878.00M,0,-0.02,-0.02,9.663B,38.91B,1.216B,2016-12,138.00M,-15.00M,-293.00M,-293.00M,28.43B,4.238B,22.62B,632.00M,1.672B,86.00M,49.00M,2.198B,166.00M,4.643B,46.84B,785.00M,1.462B,2.949B,32.79B,45.37B,29.84B,584.00M,678.00M,938.00M
WMB,2016-09,-331.00M,77.00M,896.00M,787.00M,0,0.08,0.08,9.752B,38.46B,1.009B,2016-09,120.00M,61.00M,-297.00M,-297.00M,28.26B,4.271B,23.93B,346.00M,1.678B,200.00M,69.00M,1.905B,177.00M,4.86B,47.29B,785.00M,1.627B,2.465B,33.06B,45.66B,30.60B,663.00M,619.00M,854.00M
WMB,2016-06,-369.00M,135.00M,847.00M,982.00M,0,-0.54,-0.54,9.839B,38.35B,889.00M,2016-06,122.00M,-405.00M,-298.00M,-298.00M,28.25B,4.079B,24.39B,314.00M,1.591B,-650.00M,-145.00M,1.736B,158.00M,4.83B,48.12B,785.00M,2.357B,2.752B,33.70B,45.77B,30.95B,575.00M,688.00M,738.00M
WMB,2016-03,-378.00M,164.00M,763.00M,1.111B,0,-0.09,-0.09,9.928B,39.61B,897.00M,2016-03,142.00M,-65.00M,-291.00M,-291.00M,29.82B,4.248B,23.70B,262.00M,1.678B,-11.00M,2.00M,1.66B,221.00M,5.691B,48.81B,785.00M,1.261B,2.789B,33.18B,47.55B,30.39B,635.00M,739.00M,739.00M
WMB,2015-12,-442.00M,100.00M,848.00M,675.00M,94.00M,-0.9359,-0.94,10.02B,39.04B,1.158B,2015-12,127.00M,-715.00M,-268.00M,-268.00M,29.58B,4.218B,23.81B,529.00M,1.671B,-1.784B,-447.00M,2.006B,194.00M,6.148B,49.02B,784.00M,1.527B,2.497B,32.80B,47.49B,30.30B,629.00M,893.00M,1.041B
WMB,2015-09,-425.00M,125.00M,858.00M,1.907B,82.00M,-0.05,-0.05,11.20B,38.76B,941.00M,2015-09,156.00M,-40.00M,-263.00M,-263.00M,29.48B,4.582B,21.80B,358.00M,1.951B,-238.00M,-65.00M,1.799B,177.00M,7.387B,50.82B,784.00M,1.264B,3.858B,32.56B,49.56B,28.70B,583.00M,726.00M,710.00M
WMB,2015-06,-384.00M,204.00M,922.00M,2.121B,47.00M,0.1522,0.15,11.30B,38.07B,917.00M,2015-06,168.00M,114.00M,-262.00M,-262.00M,29.09B,4.665B,21.28B,290.00M,1.647B,266.00M,83.00M,1.839B,174.00M,7.928B,51.16B,784.00M,1.426B,3.768B,31.99B,49.74B,28.22B,627.00M,723.00M,751.00M
WMB,2015-03,-395.00M,341.00M,889.00M,801.00M,0,0.09,0.09,11.34B,37.20B,827.00M,2015-03,200.00M,70.00M,-251.00M,-251.00M,28.54B,4.577B,21.69B,227.00M,1.529B,43.00M,30.00M,1.716B,196.00M,8.212B,50.46B,783.00M,1.622B,2.33B,30.88B,48.84B,28.55B,600.00M,728.00M,808.00M
WMB,2014-12,-341.00M,240.00M,1.095B,802.00M,0,0.2584,0.2584,11.57B,36.44B,1.046B,2014-12,231.00M,193.00M,-234.00M,-234.00M,28.08B,4.712B,20.78B,512.00M,1.643B,424.00M,116.00M,2.141B,204.00M,8.777B,50.46B,782.00M,1.89B,2.567B,30.28B,48.56B,27.72B,534.00M,865.00M,1.139B
WMB,2014-09,-222.00M,302.00M,1.176B,1.019B,0,2.24,2.22,12.79B,35.57B,893.00M,2014-09,284.00M,1.678B,-210.00M,-210.00M,27.40B,4.657B,19.92B,307.00M,1.912B,2.706B,998.00M,2.069B,171.00M,9.129B,49.81B,782.00M,1.898B,2.931B,29.13B,47.91B,26.20B,586.00M,1.017B,962.00M
WMB,2014-06,-194.00M,860.00M,938.00M,751.00M,0,0.15,0.15,2.262B,27.38B,740.00M,2014-06,276.00M,103.00M,-163.00M,-163.00M,19.44B,3.658B,15.54B,269.00M,1.645B,207.00M,84.00M,1.678B,136.00M,7.863B,34.95B,782.00M,2.119B,2.396B,23.03B,32.83B,20.63B,471.00M,990.00M,658.00M
WMB,2014-03,-223.00M,1.064B,983.00M,751.00M,0,0.2,0.2,2.278B,26.48B,766.00M,2014-03,222.00M,140.00M,-140.00M,-140.00M,18.71B,3.528B,12.10B,301.00M,1.798B,247.00M,51.00M,1.749B,150.00M,4.616B,28.31B,720.00M,2.178B,2.549B,19.59B,26.13B,17.04B,465.00M,1.094B,658.00M
WMB,2013-12,-164.00M,681.00M,935.00M,226.00M,0,-0.0205,-0.0205,2.29B,25.82B,725.00M,2013-12,194.00M,-14.00M,-131.00M,-131.00M,18.21B,3.529B,11.35B,273.00M,1.646B,191.00M,141.00M,1.66B,127.00M,4.864B,27.14B,718.00M,1.683B,1.983B,18.22B,25.46B,16.24B,452.00M,960.00M,674.00M
WMB,2013-09,-338.00M,732.00M,917.00M,372.00M,0,0.21,0.2,2.305B,24.93B,706.00M,2013-09,230.00M,141.00M,-124.00M,-124.00M,17.47B,3.414B,10.36B,286.00M,1.714B,260.00M,62.00M,1.623B,130.00M,4.948B,26.46B,718.00M,1.782B,2.086B,17.51B,24.67B,15.42B,420.00M,1.014B,590.00M
WMB,2013-06,-394.00M,824.00M,999.00M,711.00M,0,0.21,0.21,2.32B,23.94B,768.00M,2013-06,174.00M,142.00M,-127.00M,-127.00M,16.60B,3.182B,10.36B,350.00M,1.66B,302.00M,102.00M,1.767B,123.00M,4.694B,25.66B,718.00M,1.946B,2.371B,17.69B,23.71B,15.32B,418.00M,969.00M,698.00M
WMB,2013-03,-374.00M,702.00M,991.00M,1.00M,0,0.24,0.23,2.335B,23.20B,819.00M,2013-03,190.00M,161.00M,-128.00M,-128.00M,16.00B,3.015B,10.61B,426.00M,1.559B,327.00M,96.00M,1.81B,132.00M,4.795B,24.82B,717.00M,1.864B,1.56B,16.95B,22.95B,15.39B,393.00M,935.00M,760.00M
WMB,2012-12,-362.00M,839.00M,1.079B,1.00M,0,0.2188,0.2188,2.353B,22.55B,790.00M,2012-12,175.00M,-4.00M,-121.00M,-121.00M,15.47B,2.841B,10.74B,380.00M,1.48B,283.00M,79.00M,1.869B,156.00M,4.752B,24.33B,716.00M,1.924B,1.549B,16.90B,22.40B,15.35B,410.00M,920.00M,688.00M
WMB,2012-09,-330.00M,996.00M,967.00M,2.00M,0,0.25,0.25,2.376B,21.60B,785.00M,2012-09,161.00M,203.00M,-129.00M,-129.00M,14.68B,2.648B,9.512B,373.00M,1.377B,277.00M,77.00M,1.752B,137.00M,3.092B,21.26B,662.00M,1.961B,1.379B,15.27B,19.30B,13.89B,412.00M,768.00M,624.00M
WMB,2012-06,-357.00M,679.00M,1.081B,4.00M,0,0.21,0.21,2.386B,20.84B,765.00M,2012-06,159.00M,132.00M,-128.00M,-128.00M,14.06B,2.555B,9.033B,332.00M,1.294B,237.00M,71.00M,1.846B,149.00M,2.961B,20.27B,661.00M,1.682B,1.298B,14.64B,18.58B,13.34B,433.00M,695.00M,636.00M
WMB,2012-03,-367.00M,1.10B,1.125B,329.00M,0,0.71,0.7,668.00M,19.60B,894.00M,2012-03,186.00M,495.00M,-131.00M,-131.00M,12.96B,2.435B,8.366B,527.00M,1.205B,492.00M,133.00M,2.019B,129.00M,1.94B,17.79B,630.00M,2.119B,1.534B,14.07B,15.67B,12.53B,367.00M,676.00M,641.00M
WMB,2011-12,-389.00M,889.00M,494.00M,353.00M,0,-0.75,-0.75,44.00M,19.08B,1.609B,2011-12,169.00M,-444.00M,-126.00M,-126.00M,12.58B,2.157B,8.369B,514.00M,1.256B,162.00M,4.00M,2.103B,104.00M,1.296B,16.50B,626.00M,1.894B,1.675B,13.92B,14.61B,12.24B,1.095B,691.00M,637.00M
WMB,2011-09,-74.00M,996.00M,1.392B,361.00M,0,0.46,0.46,0,32.16B,580.00M,2011-09,287.00M,272.00M,-146.00M,-146.00M,20.97B,3.609B,9.024B,457.00M,1.975B,354.00M,33.00M,1.972B,123.00M,7.909B,26.15B,623.00M,2.889B,2.439B,16.89B,23.26B,14.45B,123.00M,1.174B,1.039B
WMB,2011-06,-95.00M,1.166B,1.398B,383.00M,0,0.39,0.38,0,31.44B,586.00M,2011-06,282.00M,227.00M,-150.00M,-150.00M,20.60B,3.572B,8.927B,463.00M,1.903B,348.00M,109.00M,1.984B,123.00M,7.716B,25.70B,623.00M,2.83B,2.39B,16.66B,22.88B,14.27B,123.00M,988.00M,913.00M
WMB,2011-03,-116.00M,923.00M,1.309B,532.00M,0,0.55,0.54,0,30.82B,562.00M,2011-03,264.00M,321.00M,-151.00M,-151.00M,20.34B,3.448B,8.577B,433.00M,1.785B,338.00M,-22.00M,1.871B,129.00M,7.537B,25.08B,622.00M,2.505B,2.458B,16.20B,22.58B,13.75B,129.00M,913.00M,850.00M
