Ticker,Date,Accrued Comprehensive Inc,Cash and Short Term Investments,Cost of Goods Sold,Current Debt & Capital Lease Obligation,Current Deferred Liabilities,EPS Basic,EPS Diluted,Goodwill and Intangibles,Gross PP&E,Gross Profit,Income (Quarterly),Inventories,Net Income,Net Non-Operating Interest Income Expense,Net Operating Interest Income,Net PP&E,Non-Current Deferred Liabilities,Non-Current Portion of LTD and Capital Lease Obligation,Operating Income,Payables and Accrued Expenses,Pre-Tax Income,Provision for Income Taxes,Revenue,SG&A Expense,Shareholders Equity,Total Assets,Total Capital Stock,Total Current Assets,Total Current Liabilities,Total Liabilities,Total Long Term Assets,Total Long Term Liabilities,Total Operating Expenses,Total Payables,Total Receivables
WMT,2021-01,-11.77B,17.74B,115.26B,5.296B,2.31B,-0.74,-0.74,28.98B,198.22B,36.82B,2021-01,44.95B,-2.091B,-494.00M,-494.00M,109.85B,14.37B,57.95B,5.487B,67.61B,-593.00M,1.415B,152.08B,31.33B,80.92B,252.50B,282.00M,90.07B,92.64B,164.96B,162.43B,72.32B,31.33B,52.71B,6.516B
WMT,2020-10,-14.62B,14.32B,100.34B,6.897B,1.99B,1.81,1.8,30.24B,124.29B,34.37B,2020-10,51.84B,5.135B,-516.00M,-516.00M,124.29B,13.66B,61.58B,5.778B,81.22B,7.115B,1.914B,134.71B,28.59B,81.43B,250.86B,283.00M,73.60B,88.12B,163.36B,177.26B,75.24B,28.59B,56.23B,5.77B
WMT,2020-07,-15.78B,16.91B,102.69B,8.193B,1.932B,2.29,2.27,29.54B,122.89B,35.05B,2020-07,41.08B,6.476B,-635.00M,-635.00M,122.89B,12.93B,61.30B,6.059B,73.76B,8.646B,2.207B,137.74B,28.99B,75.31B,237.38B,283.00M,65.00B,81.96B,156.18B,172.39B,74.23B,28.99B,50.00B,5.111B
WMT,2020-04,-16.17B,14.93B,102.03B,12.28B,0,1.41,1.4,29.42B,123.38B,32.60B,2020-04,41.22B,3.99B,-549.00M,-549.00M,123.38B,12.99B,63.15B,5.224B,70.36B,5.396B,1.322B,134.62B,27.37B,68.24B,232.89B,284.00M,63.33B,82.65B,158.78B,169.56B,76.14B,27.37B,49.99B,5.029B
WMT,2020-01,-12.80B,9.465B,107.75B,8.241B,0,1.46,1.45,31.07B,216.87B,33.92B,2020-01,44.44B,4.141B,-611.00M,-611.00M,127.05B,12.96B,64.19B,5.322B,63.09B,5.673B,1.379B,141.67B,28.60B,74.67B,236.50B,284.00M,61.81B,77.79B,154.94B,174.69B,77.15B,28.60B,50.29B,6.284B
WMT,2019-10,-12.38B,8.606B,95.90B,11.23B,0,1.16,1.15,30.72B,125.42B,32.09B,2019-10,51.55B,3.288B,-589.00M,-589.00M,125.42B,13.02B,64.72B,4.718B,72.56B,4.373B,1.052B,127.99B,27.37B,71.65B,239.83B,284.00M,67.91B,83.78B,161.52B,171.92B,77.74B,27.37B,51.58B,5.612B
WMT,2019-07,-11.27B,9.283B,97.92B,10.31B,0,1.27,1.26,31.45B,125.86B,32.45B,2019-07,44.13B,3.61B,-585.00M,-585.00M,125.86B,13.05B,64.40B,5.583B,69.97B,4.913B,1.233B,130.38B,26.87B,70.33B,234.86B,285.00M,61.37B,80.28B,157.73B,173.49B,77.45B,26.87B,49.28B,5.382B
WMT,2019-04,-11.09B,9.255B,93.03B,8.475B,0,1.34,1.33,31.42B,125.24B,30.89B,2019-04,44.75B,3.842B,-625.00M,-625.00M,125.24B,12.79B,66.95B,4.945B,71.41B,5.157B,1.251B,123.92B,25.95B,68.20B,234.54B,286.00M,61.74B,79.89B,159.63B,172.80B,79.75B,25.95B,50.39B,5.342B
WMT,2019-01,-11.54B,7.722B,104.91B,7.83B,0,1.27,1.27,31.18B,192.89B,33.89B,2019-01,44.27B,3.687B,-605.00M,-605.00M,111.40B,11.98B,50.20B,6.067B,63.74B,5.664B,1.851B,138.79B,27.82B,72.50B,219.30B,288.00M,61.90B,77.48B,139.66B,157.40B,62.18B,27.82B,50.47B,6.283B
WMT,2018-10,-11.47B,9.174B,93.12B,11.10B,0,0.58,0.58,31.04B,197.18B,31.78B,2018-10,50.38B,1.71B,-534.00M,-534.00M,111.35B,11.47B,49.90B,4.986B,74.66B,2.576B,759.00M,124.89B,26.79B,72.00B,226.58B,291.00M,69.45B,85.75B,147.11B,157.14B,61.36B,26.79B,51.86B,5.785B
WMT,2018-07,-12.63B,15.84B,95.57B,2.228B,2.017B,-0.29,-0.29,17.84B,195.07B,32.46B,2018-07,41.98B,-861.00M,-503.00M,-503.00M,111.02B,8.999B,51.57B,5.75B,69.46B,398.00M,1.125B,128.03B,26.71B,71.18B,206.06B,294.00M,66.37B,71.68B,132.25B,139.69B,60.57B,26.71B,46.61B,5.002B
WMT,2018-04,-10.28B,7.885B,91.71B,10.04B,1.856B,0.72,0.72,18.85B,199.76B,30.98B,2018-04,43.30B,2.134B,-487.00M,-487.00M,114.80B,9.541B,36.30B,5.154B,70.72B,2.822B,546.00M,122.69B,25.83B,75.55B,204.93B,294.00M,59.24B,80.76B,126.60B,145.68B,45.85B,25.83B,49.94B,4.568B
WMT,2018-01,-10.18B,6.756B,102.64B,9.662B,0,0.74,0.73,18.24B,197.86B,33.63B,2018-01,43.78B,2.175B,-499.00M,-499.00M,114.82B,8.354B,36.82B,4.467B,63.10B,2.964B,601.00M,136.27B,29.16B,77.87B,204.52B,295.00M,59.66B,78.52B,123.70B,144.86B,45.18B,29.16B,49.81B,5.614B
WMT,2017-10,-11.13B,7.026B,91.55B,9.021B,0,0.59,0.58,18.20B,197.74B,31.63B,2017-10,50.15B,1.749B,-541.00M,-541.00M,115.30B,9.167B,40.91B,4.764B,71.41B,2.879B,975.00M,123.18B,26.87B,76.14B,209.41B,297.00M,65.37B,80.44B,130.51B,144.05B,50.07B,26.87B,49.66B,5.865B
WMT,2017-07,-11.10B,6.469B,91.52B,7.174B,0,0.96,0.96,18.04B,196.13B,31.83B,2017-07,43.44B,2.899B,-575.00M,-575.00M,115.35B,9.24B,40.47B,5.969B,65.64B,4.606B,1.502B,123.36B,25.86B,76.39B,201.57B,299.00M,56.76B,72.81B,122.52B,144.80B,49.71B,25.86B,45.95B,5.395B
WMT,2017-04,-12.95B,6.545B,87.69B,6.472B,0,1,1,17.58B,192.93B,29.85B,2017-04,43.36B,3.039B,-563.00M,-563.00M,114.17B,9.386B,40.02B,5.237B,67.72B,4.674B,1.522B,117.54B,24.62B,73.69B,199.72B,302.00M,57.34B,74.19B,123.60B,142.38B,49.41B,24.62B,48.01B,5.252B
WMT,2017-01,-14.23B,6.867B,97.74B,3.92B,0,1.23,1.22,17.04B,191.13B,33.19B,2017-01,43.05B,3.757B,-555.00M,-555.00M,114.18B,9.344B,42.02B,6.205B,57.23B,5.65B,1.664B,130.94B,26.99B,77.80B,198.82B,305.00M,57.69B,66.93B,118.29B,141.14B,51.36B,26.99B,45.17B,5.835B
WMT,2016-10,-12.34B,5.939B,87.48B,7.897B,0,0.98,0.98,17.79B,191.15B,30.70B,2016-10,49.82B,3.034B,-585.00M,-585.00M,115.09B,10.14B,42.11B,5.119B,66.23B,4.534B,1.332B,118.18B,25.58B,77.69B,206.86B,308.00M,63.40B,74.13B,126.38B,143.46B,52.25B,25.58B,44.99B,5.344B
WMT,2016-07,-11.67B,7.676B,89.48B,4.748B,0,1.21,1.21,16.34B,190.14B,31.37B,2016-07,43.45B,3.773B,-566.00M,-566.00M,115.41B,7.877B,42.74B,6.165B,63.37B,5.599B,1.71B,120.85B,25.20B,76.52B,197.89B,310.00M,58.23B,68.12B,118.74B,139.65B,50.62B,25.20B,43.72B,5.275B
WMT,2016-04,-11.00B,7.597B,86.54B,6.629B,0,0.98,0.98,16.75B,189.96B,29.36B,2016-04,44.51B,3.079B,-561.00M,-561.00M,116.49B,7.272B,43.39B,5.275B,63.65B,4.714B,1.498B,115.90B,24.08B,75.18B,198.70B,313.00M,59.10B,70.28B,120.95B,139.61B,50.66B,24.08B,44.05B,5.187B
WMT,2016-01,-11.60B,8.705B,97.00B,6.004B,0,1.44,1.43,16.70B,188.05B,32.67B,2016-01,44.47B,4.574B,-548.00M,-548.00M,116.52B,7.321B,44.03B,6.642B,55.20B,6.094B,1.346B,129.67B,26.03B,80.55B,199.58B,317.00M,60.24B,64.62B,115.97B,139.34B,51.35B,26.03B,41.55B,5.624B
WMT,2015-10,-10.66B,6.99B,87.45B,8.264B,0,1.03,1.03,17.05B,187.61B,29.96B,2015-10,50.71B,3.304B,-552.00M,-552.00M,116.96B,7.824B,44.20B,5.714B,62.23B,5.162B,1.748B,117.41B,24.25B,79.57B,205.14B,321.00M,65.11B,70.49B,122.51B,140.03B,52.02B,24.25B,42.73B,5.012B
WMT,2015-07,-8.388B,5.751B,90.06B,6.212B,0,1.08,1.08,17.80B,186.09B,30.17B,2015-07,45.01B,3.475B,-543.00M,-543.00M,116.51B,8.391B,42.84B,6.069B,59.05B,5.526B,1.891B,120.23B,24.10B,78.87B,198.62B,321.00M,58.13B,65.26B,116.50B,140.49B,51.23B,24.10B,40.76B,5.275B
WMT,2015-04,-8.595B,7.759B,86.48B,7.267B,0,1.03,1.03,17.53B,183.49B,28.34B,2015-04,46.31B,3.341B,-824.00M,-824.00M,115.68B,8.169B,42.96B,5.68B,62.36B,4.856B,1.573B,114.83B,22.66B,76.57B,200.75B,323.00M,62.13B,69.62B,120.76B,138.61B,51.13B,22.66B,43.67B,5.813B
WMT,2015-01,-7.168B,9.135B,99.12B,6.67B,0,1.54,1.53,18.10B,182.63B,32.45B,2015-01,45.14B,4.966B,-586.00M,-586.00M,116.66B,8.805B,43.50B,7.949B,55.28B,7.363B,2.175B,131.56B,24.50B,81.39B,203.49B,323.00M,63.28B,65.25B,117.55B,140.21B,52.30B,24.50B,42.02B,6.778B
WMT,2014-10,-4.251B,6.718B,89.25B,11.20B,0,1.15,1.15,18.89B,183.13B,29.75B,2014-10,51.50B,3.711B,-656.00M,-656.00M,117.49B,7.789B,44.49B,6.265B,60.36B,5.609B,1.783B,119.00B,23.49B,79.11B,207.89B,323.00M,65.84B,71.56B,123.84B,142.05B,52.28B,23.49B,41.59B,6.091B
WMT,2014-07,-1.957B,6.184B,90.01B,8.476B,0,1.27,1.26,19.76B,183.52B,30.12B,2014-07,45.45B,4.093B,-538.00M,-538.00M,118.72B,8.311B,45.70B,6.74B,58.68B,6.202B,2.113B,120.12B,23.38B,77.75B,203.98B,323.00M,59.63B,67.15B,121.16B,144.35B,54.01B,23.38B,40.44B,6.146B
WMT,2014-04,-2.712B,6.012B,86.71B,7.104B,0,1.11,1.11,19.52B,180.26B,28.25B,2014-04,45.32B,3.593B,-568.00M,-568.00M,117.64B,8.164B,48.44B,6.193B,60.77B,5.625B,1.914B,114.96B,22.05B,73.09B,202.75B,323.00M,59.69B,67.94B,124.55B,143.06B,56.60B,22.05B,42.96B,6.096B
WMT,2014-01,-2.996B,7.281B,97.97B,12.08B,0,1.37,1.36,19.51B,178.68B,31.74B,2014-01,44.86B,4.431B,-554.00M,-554.00M,117.91B,8.017B,44.56B,7.347B,53.70B,6.793B,2.249B,129.71B,24.39B,76.26B,204.75B,323.00M,61.18B,69.34B,123.41B,143.57B,54.07B,24.39B,40.94B,6.677B
WMT,2013-10,-2.183B,8.736B,86.69B,17.28B,0,1.15,1.14,19.73B,176.64B,29.00B,2013-10,49.67B,3.738B,-580.00M,-580.00M,117.23B,8.298B,44.54B,6.31B,59.66B,5.73B,1.86B,115.69B,22.69B,73.39B,209.88B,324.00M,67.14B,77.02B,131.35B,142.73B,54.33B,22.69B,41.05B,6.206B
WMT,2013-07,-2.889B,9.016B,87.42B,13.64B,0,1.25,1.24,19.28B,173.85B,29.41B,2013-07,42.79B,4.069B,-552.00M,-552.00M,115.99B,7.989B,43.58B,6.777B,58.57B,6.225B,2.02B,116.83B,22.63B,71.66B,200.97B,327.00M,60.00B,72.21B,124.28B,140.97B,52.07B,22.63B,39.96B,5.996B
WMT,2013-04,-1.968B,8.855B,85.99B,12.53B,0,1.15,1.14,19.73B,172.98B,28.08B,2013-04,43.14B,3.784B,-530.00M,-530.00M,116.43B,7.694B,44.55B,6.438B,61.02B,5.908B,1.976B,114.07B,21.64B,70.25B,202.19B,329.00M,60.18B,73.55B,126.35B,142.01B,52.79B,21.64B,43.74B,6.191B
WMT,2013-01,-587.00M,7.781B,96.07B,12.72B,0,1.68,1.67,20.50B,171.72B,31.70B,2013-01,43.80B,5.606B,-477.00M,-477.00M,116.68B,7.613B,41.42B,8.58B,55.73B,8.103B,2.24B,127.78B,23.12B,76.34B,203.10B,332.00M,59.94B,71.82B,121.37B,143.16B,49.55B,23.12B,43.14B,6.768B
WMT,2012-10,-562.00M,8.643B,85.47B,15.62B,0,1.08,1.08,20.57B,168.91B,28.33B,2012-10,47.49B,3.635B,-546.00M,-546.00M,115.25B,8.044B,41.84B,6.093B,61.20B,5.547B,1.738B,113.80B,22.24B,73.89B,205.82B,336.00M,63.43B,76.84B,127.22B,142.39B,50.37B,22.24B,42.66B,5.567B
WMT,2012-07,-1.531B,7.935B,85.64B,10.45B,0,1.19,1.18,20.08B,165.78B,28.64B,2012-07,40.56B,4.016B,-505.00M,-505.00M,113.65B,8.028B,44.18B,6.698B,57.84B,6.193B,2.032B,114.28B,21.94B,70.28B,195.66B,338.00M,56.26B,68.32B,120.96B,139.40B,52.64B,21.94B,40.09B,5.365B
WMT,2012-04,-463.00M,8.117B,85.18B,8.63B,0,1.1,1.09,21.00B,164.31B,27.83B,2012-04,41.28B,3.742B,-535.00M,-535.00M,113.47B,7.735B,46.00B,6.387B,60.32B,5.852B,1.958B,113.01B,21.44B,68.96B,197.10B,339.00M,57.28B,68.98B,123.16B,139.82B,54.19B,21.44B,43.69B,5.574B
WMT,2012-01,-1.41B,6.55B,92.46B,6.348B,0,1.51,1.5,20.65B,160.94B,30.27B,2012-01,40.71B,5.163B,-528.00M,-528.00M,112.32B,7.862B,47.08B,8.334B,52.31B,7.806B,2.414B,122.73B,21.94B,71.32B,193.41B,342.00M,54.98B,62.30B,117.64B,138.43B,55.34B,21.94B,40.10B,5.937B
WMT,2011-10,-1.375B,7.063B,82.59B,11.38B,0,0.97,0.96,20.41B,157.50B,27.64B,2011-10,44.14B,3.336B,-535.00M,-535.00M,110.39B,8.085B,47.85B,5.878B,55.93B,5.343B,1.842B,110.23B,21.76B,67.16B,195.04B,3.769B,59.27B,67.34B,123.65B,135.77B,56.31B,21.76B,39.04B,4.757B
WMT,2011-07,1.286B,8.102B,81.77B,8.626B,0,1.09,1.09,21.53B,160.09B,27.60B,2011-07,38.65B,3.801B,-578.00M,-578.00M,111.59B,7.304B,48.45B,6.383B,55.97B,5.805B,1.868B,109.37B,21.21B,67.94B,193.66B,3.876B,55.41B,64.62B,120.81B,138.24B,56.18B,21.21B,38.16B,5.265B
WMT,2011-04,878.00M,9.40B,78.18B,6.969B,0,0.97,0.97,16.90B,157.83B,26.01B,2011-04,38.34B,3.399B,-518.00M,-518.00M,109.14B,6.902B,48.70B,5.896B,55.04B,5.378B,1.80B,104.19B,20.12B,65.01B,186.06B,3.798B,55.96B,62.05B,118.07B,130.11B,56.02B,20.12B,39.08B,4.785B
