Ticker,Date,Accrued Comprehensive Inc,Cash and Short Term Investments,Cost of Goods Sold,Current Debt & Capital Lease Obligation,Current Deferred Liabilities,EPS Basic,EPS Diluted,Goodwill and Intangibles,Gross PP&E,Gross Profit,Income (Quarterly),Inventories,Net Income,Net Non-Operating Interest Income Expense,Net Operating Interest Income,Net PP&E,Non-Current Deferred Liabilities,Non-Current Portion of LTD and Capital Lease Obligation,Operating Income,Payables and Accrued Expenses,Pre-Tax Income,Provision for Income Taxes,Research and Development Expense,Revenue,SG&A Expense,Shareholders Equity,Total Assets,Total Capital Stock,Total Current Assets,Total Current Liabilities,Total Liabilities,Total Long Term Assets,Total Long Term Liabilities,Total Operating Expenses,Total Payables,Total Receivables
WST,2020-12,-110.60M,615.50M,369.10M,12.40M,51.00M,1.33,1.29,141.60M,2.104B,211.10M,2020-12,321.30M,98.40M,-1.90M,-1.90M,1.012B,33.30M,313.30M,121.90M,390.10M,115.10M,20.40M,12.90M,580.20M,76.30M,1.854B,2.794B,18.80M,1.374B,503.40M,939.30M,1.420B,435.90M,89.20M,267.10M,385.30M
WST,2020-09,-159.50M,519.40M,353.40M,12.20M,27.50M,1.11,1.09,139.90M,2.007B,194.60M,2020-09,294.90M,82.30M,-1.90M,-1.90M,950.90M,4.50M,313.30M,105.90M,306.60M,97.70M,21.10M,12.50M,548.00M,76.20M,1.719B,2.583B,18.80M,1.238B,447.70M,863.90M,1.344B,416.20M,88.70M,210.50M,373.00M
WST,2020-06,-187.80M,445.90M,332.10M,12.10M,25.50M,1.24,1.21,138.80M,1.927B,195.10M,2020-06,274.80M,91.20M,-1.80M,-1.80M,908.30M,0,314.80M,106.60M,261.20M,102.00M,16.00M,10.80M,527.20M,77.70M,1.606B,2.392B,18.80M,1.111B,375.20M,786.00M,1.282B,410.80M,88.50M,191.50M,340.60M
WST,2020-03,-192.30M,335.30M,324.50M,11.70M,0,1.01,0.99,135.00M,1.885B,167.00M,2020-03,251.00M,74.30M,-1.20M,-1.20M,896.80M,5.60M,315.60M,84.50M,233.00M,86.50M,15.00M,10.70M,491.50M,71.80M,1.490B,2.246B,18.80M,977.50M,344.40M,756.30M,1.269B,411.90M,82.50M,171.80M,333.00M
WST,2019-12,-149.60M,439.10M,317.40M,11.90M,0,0.86,0.84,137.60M,1.890B,153.20M,2019-12,235.70M,63.90M,-0.80M,-0.80M,909.40M,33.30M,317.40M,78.70M,273.40M,77.40M,16.50M,10.20M,470.60M,69.00M,1.573B,2.341B,18.80M,1.059B,341.60M,768.20M,1.283B,426.60M,74.50M,181.50M,319.30M
WST,2019-09,-170.40M,396.00M,308.30M,9.80M,0,0.76,0.75,135.30M,1.851B,147.80M,2019-09,230.40M,56.30M,-1.10M,-1.10M,883.40M,10.30M,258.60M,73.70M,237.00M,64.90M,10.90M,9.30M,456.10M,64.80M,1.488B,2.174B,18.80M,1.004B,335.00M,686.40M,1.170B,351.40M,74.10M,164.40M,316.10M
WST,2019-06,-152.20M,326.70M,311.80M,10.20M,0,0.9,0.88,137.90M,1.861B,157.90M,2019-06,232.30M,66.10M,-1.40M,-1.40M,897.40M,13.50M,262.40M,78.00M,216.50M,79.60M,15.50M,9.60M,469.70M,70.30M,1.445B,2.123B,18.80M,944.30M,313.20M,678.10M,1.179B,364.90M,79.90M,157.50M,330.80M
WST,2019-03,-153.40M,265.50M,296.70M,10.20M,0,0.75,0.73,124.70M,1.835B,146.80M,2019-03,226.10M,55.40M,-1.40M,-1.40M,889.90M,14.30M,262.90M,68.40M,208.50M,69.90M,16.10M,9.80M,443.50M,68.60M,1.370B,2.036B,18.80M,867.60M,301.10M,666.70M,1.169B,365.60M,78.40M,155.00M,318.20M
WST,2018-12,-154.20M,337.40M,289.30M,0.10M,0,0.7,0.69,126.10M,1.753B,133.20M,2018-12,214.50M,52.00M,-1.60M,-1.60M,822.00M,13.10M,196.00M,63.70M,235.50M,65.80M,14.90M,9.80M,422.50M,59.70M,1.396B,1.979B,18.80M,894.40M,283.70M,582.60M,1.084B,298.90M,69.50M,157.00M,288.20M
WST,2018-09,-153.80M,297.30M,296.10M,0,0,0.75,0.73,127.30M,1.746B,135.60M,2018-09,206.80M,55.20M,-1.50M,-1.50M,822.00M,11.70M,196.20M,60.60M,210.20M,61.10M,8.00M,10.10M,431.70M,64.90M,1.352B,1.946B,18.80M,850.10M,288.80M,594.30M,1.096B,305.50M,75.00M,142.90M,302.90M
WST,2018-06,-143.70M,225.50M,305.30M,33.20M,18.40M,0.76,0.75,128.30M,1.737B,142.20M,2018-06,208.20M,56.10M,-1.90M,-1.90M,826.70M,11.80M,196.40M,61.40M,199.20M,60.10M,6.00M,10.80M,447.50M,70.00M,1.282B,1.874B,18.80M,766.90M,287.60M,591.80M,1.107B,304.20M,80.80M,144.10M,296.70M
WST,2018-03,-95.80M,199.80M,281.30M,33.80M,13.20M,0.59,0.58,131.60M,1.775B,134.40M,2018-03,215.70M,43.60M,-1.30M,-1.30M,857.80M,12.30M,198.00M,56.50M,191.50M,53.70M,12.50M,9.60M,415.70M,68.30M,1.305B,1.870B,18.80M,743.50M,263.40M,564.30M,1.126B,300.90M,77.90M,140.90M,290.40M
WST,2017-12,-117.30M,235.90M,287.00M,34.40M,0,0,0,129.40M,1.746B,128.60M,2017-12,215.20M,0,-1.70M,-1.70M,855.00M,10.40M,197.00M,59.30M,238.40M,59.30M,61.80M,9.70M,415.60M,59.60M,1.280B,1.863B,18.80M,743.50M,279.50M,582.90M,1.119B,303.40M,69.30M,154.50M,253.20M
WST,2017-09,-130.60M,269.30M,273.10M,2.40M,0,0.69,0.67,129.60M,1.701B,125.10M,2017-09,215.80M,51.00M,-1.10M,-1.10M,835.40M,8.90M,196.60M,53.40M,192.20M,62.90M,14.00M,9.10M,398.20M,62.60M,1.317B,1.930B,18.70M,776.90M,300.00M,613.50M,1.154B,313.50M,71.70M,129.30M,251.80M
WST,2017-06,-151.80M,226.60M,272.60M,2.60M,0,0.53,0.51,128.70M,1.647B,125.00M,2017-06,211.30M,38.80M,-1.90M,-1.90M,811.80M,9.20M,195.70M,53.70M,181.40M,40.70M,2.90M,10.00M,397.60M,61.30M,1.242B,1.843B,18.70M,717.80M,289.00M,600.60M,1.125B,311.60M,71.30M,133.30M,242.40M
WST,2017-03,-179.00M,169.40M,253.50M,2.50M,0,0.83,0.81,126.60M,1.584B,134.20M,2017-03,212.30M,60.90M,-1.80M,-1.80M,782.80M,9.80M,194.20M,61.40M,156.20M,59.50M,2.20M,10.30M,387.70M,62.50M,1.169B,1.734B,18.60M,652.60M,256.50M,564.90M,1.081B,308.40M,72.80M,112.30M,224.80M
WST,2016-12,-186.80M,203.00M,258.60M,2.50M,0,0.53,0.52,126.30M,1.555B,123.70M,2016-12,199.30M,39.10M,-1.10M,-1.10M,778.30M,9.20M,226.20M,53.40M,207.90M,53.20M,16.10M,9.60M,382.30M,60.70M,1.118B,1.717B,18.40M,641.90M,241.00M,599.20M,1.075B,358.20M,70.30M,136.00M,200.50M
WST,2016-09,-143.80M,205.90M,255.60M,0,0,0.51,0.5,129.60M,1.551B,121.10M,2016-09,201.10M,37.60M,-2.00M,-2.00M,772.70M,15.20M,228.60M,53.80M,161.10M,49.30M,14.40M,9.00M,376.70M,58.30M,1.142B,1.735B,18.40M,658.10M,236.80M,593.00M,1.077B,356.20M,67.30M,102.20M,209.50M
WST,2016-06,-150.30M,202.70M,254.70M,0,0,0.61,0.6,129.80M,1.499B,133.30M,2016-06,197.70M,44.70M,-1.70M,-1.70M,741.20M,14.50M,228.90M,62.00M,171.70M,59.50M,17.00M,8.80M,388.00M,62.50M,1.109B,1.705B,18.40M,659.20M,239.40M,595.70M,1.046B,356.30M,71.30M,116.60M,219.00M
WST,2016-03,-148.00M,178.10M,238.80M,0,0,0.31,0.3,131.50M,1.483B,123.30M,2016-03,194.10M,22.10M,-2.20M,-2.20M,732.50M,13.50M,229.50M,55.80M,158.50M,27.80M,6.90M,9.40M,362.10M,58.10M,1.074B,1.668B,18.30M,630.70M,241.10M,594.20M,1.038B,353.10M,67.50M,115.40M,209.60M
WST,2015-12,-162.60M,274.60M,240.10M,69.30M,14.40M,0.46,0.45,142.20M,1.440B,119.60M,2015-12,181.10M,33.40M,-2.60M,-2.60M,721.00M,12.40M,228.90M,47.20M,217.30M,42.60M,11.20M,10.00M,359.70M,62.40M,1.024B,1.695B,18.10M,673.70M,314.30M,671.20M,1.021B,356.90M,72.40M,141.20M,181.40M
WST,2015-09,-154.40M,256.80M,236.20M,71.00M,13.30M,0.02,0.02,144.30M,1.398B,108.30M,2015-09,187.70M,1.50M,-3.20M,-3.20M,689.50M,9.40M,231.50M,45.20M,168.80M,-6.70M,-6.60M,8.50M,344.50M,54.60M,995.30M,1.666B,18.00M,680.90M,299.90M,671.20M,985.60M,371.30M,63.10M,112.60M,194.60M
WST,2015-06,-160.20M,252.00M,241.50M,95.00M,10.80M,0.39,0.38,144.70M,1.380B,118.20M,2015-06,187.20M,27.80M,-3.00M,-3.00M,685.40M,16.10M,231.70M,38.40M,162.30M,36.10M,9.20M,8.10M,359.70M,71.70M,989.40M,1.664B,18.00M,679.90M,313.70M,674.30M,983.80M,360.60M,79.80M,109.90M,198.80M
WST,2015-03,-170.30M,207.10M,226.20M,98.80M,0,0.46,0.45,144.60M,1.349B,109.70M,2015-03,183.40M,32.90M,-3.70M,-3.70M,675.80M,15.40M,231.90M,47.00M,142.30M,44.10M,12.50M,7.50M,335.90M,55.20M,941.10M,1.596B,18.00M,625.10M,296.60M,654.90M,970.90M,358.30M,62.70M,103.50M,189.50M
WST,2014-12,-119.20M,255.30M,240.10M,27.20M,0,0.44,0.43,150.60M,1.391B,109.70M,2014-12,181.50M,31.40M,-3.00M,-3.00M,705.80M,15.70M,308.30M,43.10M,201.10M,41.60M,11.70M,7.80M,349.80M,58.80M,956.90M,1.670B,17.80M,659.10M,252.50M,712.80M,1.011B,460.30M,66.60M,125.80M,179.00M
WST,2014-09,-71.30M,246.80M,246.00M,27.20M,0,0.44,0.43,153.80M,1.382B,109.90M,2014-09,185.70M,31.00M,-2.70M,-2.70M,694.80M,18.30M,315.50M,43.10M,161.10M,41.30M,11.70M,10.80M,355.90M,56.00M,970.10M,1.673B,17.80M,679.50M,242.50M,703.20M,993.80M,460.70M,66.80M,109.50M,195.90M
WST,2014-06,-34.70M,226.70M,247.10M,2.20M,0,0.53,0.52,160.10M,1.402B,121.80M,2014-06,187.90M,37.60M,-3.70M,-3.70M,709.20M,19.60M,359.30M,54.40M,161.20M,50.40M,14.00M,9.90M,368.90M,57.50M,972.60M,1.705B,17.80M,685.40M,221.20M,732.10M,1.019B,510.90M,67.40M,109.50M,209.60M
WST,2014-03,-33.80M,230.00M,240.40M,14.20M,0,0.38,0.38,161.30M,1.385B,106.40M,2014-03,187.50M,27.10M,-3.60M,-3.60M,712.00M,19.70M,390.70M,40.00M,152.60M,35.70M,9.80M,10.00M,346.80M,56.40M,934.60M,1.708B,17.70M,686.60M,227.60M,773.60M,1.022B,546.00M,66.40M,110.80M,208.70M
WST,2013-12,-32.40M,230.00M,236.10M,2.20M,0,0.34,0.33,162.50M,1.369B,106.60M,2013-12,176.90M,23.60M,-3.40M,-3.40M,711.70M,18.90M,371.30M,36.90M,205.40M,33.50M,10.70M,9.70M,342.70M,60.00M,906.40M,1.672B,17.60M,650.70M,236.90M,765.20M,1.021B,528.30M,69.70M,122.60M,185.70M
WST,2013-09,-69.50M,229.20M,236.30M,18.90M,0,0.38,0.37,161.90M,1.328B,105.50M,2013-09,176.70M,26.80M,-4.00M,-4.00M,682.00M,19.60M,381.10M,39.80M,176.50M,35.70M,10.60M,9.60M,341.80M,56.10M,836.70M,1.664B,17.50M,643.50M,246.80M,827.80M,1.021B,581.00M,65.70M,120.70M,198.20M
WST,2013-06,-92.50M,198.10M,233.60M,0.10M,0,0.44,0.43,160.80M,1.289B,110.90M,2013-06,176.50M,30.20M,-3.70M,-3.70M,663.40M,19.30M,394.70M,41.70M,170.60M,38.80M,10.30M,9.50M,344.50M,59.70M,784.20M,1.613B,8.70M,613.30M,218.70M,828.50M,999.40M,609.80M,69.20M,120.60M,195.30M
WST,2013-03,-75.90M,183.20M,227.70M,1.70M,0,0.46,0.45,160.90M,1.271B,111.70M,2013-03,173.50M,31.70M,-4.00M,-4.00M,658.50M,19.20M,428.40M,43.50M,157.80M,39.10M,8.60M,9.10M,339.40M,59.10M,745.90M,1.577B,17.20M,589.70M,208.10M,831.20M,987.40M,623.10M,68.20M,119.60M,189.00M
WST,2012-12,-71.80M,174.30M,224.00M,32.70M,0,0.31,0.3,163.10M,1.275B,97.50M,2012-12,162.20M,21.10M,-3.20M,-3.20M,669.00M,20.80M,378.80M,30.30M,182.80M,28.30M,7.20M,8.60M,321.50M,58.60M,728.90M,1.564B,8.60M,557.30M,261.80M,835.10M,1.007B,573.30M,67.20M,126.30M,175.00M
WST,2012-09,-88.80M,165.10M,213.40M,39.30M,0,0.22,0.21,162.40M,1.227B,90.40M,2012-09,165.90M,14.80M,-3.90M,-3.90M,637.00M,20.20M,362.10M,28.50M,112.70M,22.40M,9.00M,8.20M,303.80M,53.70M,717.10M,1.527B,8.60M,557.30M,275.60M,810.30M,970.10M,534.70M,61.90M,110.20M,182.90M
WST,2012-06,-58.50M,132.50M,226.10M,89.10M,0,0.23,0.225,159.50M,1.185B,98.70M,2012-06,159.20M,15.60M,-4.00M,-4.00M,620.30M,19.30M,296.40M,36.10M,111.20M,20.00M,6.50M,8.20M,324.80M,54.40M,679.50M,1.463B,8.60M,517.00M,320.20M,783.30M,945.80M,463.10M,62.60M,108.90M,185.00M
WST,2012-03,-71.50M,126.60M,215.20M,86.50M,0,0.43,0.405,163.90M,1.185B,101.10M,2012-03,158.20M,29.20M,-3.90M,-3.90M,619.20M,20.60M,294.90M,41.50M,109.60M,37.80M,9.80M,8.30M,316.30M,51.30M,694.70M,1.457B,8.60M,502.80M,302.40M,762.60M,954.50M,460.20M,59.60M,107.30M,176.00M
WST,2011-12,-24.50M,118.30M,210.10M,50.10M,0,0.275,0.27,163.50M,1.137B,85.30M,2011-12,151.80M,18.80M,-4.00M,-4.00M,593.60M,21.60M,299.30M,29.70M,152.10M,23.00M,5.60M,7.20M,295.40M,48.40M,654.90M,1.399B,8.60M,472.00M,243.20M,744.20M,927.10M,501.00M,55.60M,107.10M,147.20M
WST,2011-09,-0.60M,119.20M,212.20M,54.70M,0,0.25,0.245,166.20M,1.135B,81.40M,2011-09,155.50M,16.90M,-4.10M,-4.10M,576.10M,19.80M,323.30M,28.00M,91.40M,22.00M,6.60M,7.70M,293.60M,45.70M,691.30M,1.398B,8.60M,503.50M,229.30M,707.00M,894.80M,477.70M,53.40M,91.40M,153.10M
WST,2011-06,-10.80M,110.40M,223.30M,6.30M,0,0.3,0.285,170.30M,1.144B,84.60M,2011-06,161.20M,20.10M,-4.30M,-4.30M,581.50M,21.10M,367.20M,30.90M,92.80M,23.50M,3.40M,7.30M,307.90M,46.40M,696.00M,1.415B,0,510.40M,192.70M,719.30M,904.90M,526.60M,53.70M,92.80M,165.70M
WST,2011-03,0,94.60M,207.40M,6.30M,0,0.295,0.28,170.30M,1.127B,88.00M,2011-03,157.10M,19.60M,-4.50M,-4.50M,574.50M,21.00M,364.70M,30.50M,87.00M,24.30M,6.10M,6.90M,295.40M,50.60M,663.10M,1.366B,0,481.10M,182.80M,703.00M,885.00M,520.20M,57.50M,84.90M,161.20M
