Ticker,Date,Accrued Comprehensive Inc,Cash and Short Term Investments,Cost of Goods Sold,Current Debt & Capital Lease Obligation,Current Deferred Liabilities,EPS Basic,EPS Diluted,Goodwill and Intangibles,Gross PP&E,Gross Profit,Income (Quarterly),Net Income,Net Non-Operating Interest Income Expense,Net Operating Interest Income,Net PP&E,Non-Current Deferred Liabilities,Non-Current Portion of LTD and Capital Lease Obligation,Operating Income,Payables and Accrued Expenses,Pre-Tax Income,Provision for Income Taxes,Revenue,SG&A Expense,Shareholders Equity,Total Assets,Total Capital Stock,Total Current Assets,Total Current Liabilities,Total Liabilities,Total Long Term Assets,Total Long Term Liabilities,Total Operating Expenses,Total Payables,Total Receivables
WU,2020-12,-159.50M,4.114B,759.20M,80.00M,0,0.43,0.43,3.072B,999.40M,512.60M,2020-12,177.10M,-27.80M,-27.80M,339.50M,188.90M,3.222B,227.10M,5.328B,199.00M,21.90M,1.272B,285.50M,186.60M,9.496B,4.10M,5.506B,5.408B,9.310B,3.990B,3.901B,285.50M,5.251B,1.135B
WU,2020-09,-186.60M,3.779B,721.70M,50.00M,0,0.56,0.55,3.016B,812.90M,536.80M,2020-09,228.60M,-27.70M,-27.70M,156.00M,171.70M,2.986B,285.20M,4.973B,261.00M,32.40M,1.258B,251.60M,67.10M,8.827B,4.10M,4.841B,5.023B,8.760B,3.986B,3.737B,251.60M,4.973B,1.062B
WU,2020-06,-177.80M,3.470B,662.20M,100.00M,0,0.39,0.39,3.040B,811.20M,452.50M,2020-06,161.90M,-28.50M,-28.50M,167.50M,167.90M,2.986B,221.80M,4.995B,193.20M,31.30M,1.115B,230.70M,-73.40M,8.707B,4.10M,4.704B,5.095B,8.780B,4.003B,3.686B,230.70M,4.995B,1.234B
WU,2020-03,-180.30M,3.280B,683.40M,85.00M,0,0.43,0.42,3.052B,813.00M,506.60M,2020-03,176.70M,-31.30M,-31.30M,173.70M,150.60M,2.985B,233.20M,4.643B,201.90M,25.20M,1.19B,273.40M,-149.70M,8.365B,4.10M,4.207B,4.728B,8.515B,4.158B,3.787B,273.40M,4.643B,927.30M
WU,2019-12,-209.00M,3.517B,756.50M,245.00M,0,0.32,0.32,3.062B,1.003B,551.20M,2019-12,135.40M,-35.40M,-35.40M,386.60M,152.10M,3.227B,226.50M,4.934B,197.50M,62.10M,1.308B,324.70M,-39.50M,8.758B,4.20M,4.946B,5.179B,8.798B,3.812B,3.619B,324.70M,4.918B,1.230B
WU,2019-09,-183.10M,3.486B,768.60M,435.00M,0,0.32,0.32,3.081B,860.90M,538.30M,2019-09,135.00M,-35.10M,-35.10M,212.20M,161.30M,2.813B,197.40M,4.880B,162.20M,27.20M,1.307B,340.90M,-19.70M,8.804B,4.20M,4.688B,5.315B,8.823B,4.116B,3.508B,340.90M,4.880B,1.203B
WU,2019-06,-205.70M,3.548B,776.40M,268.00M,0,1.43,1.42,3.102B,923.00M,564.10M,2019-06,614.80M,-37.60M,-37.60M,224.10M,166.30M,2.812B,258.90M,5.272B,745.60M,130.80M,1.340B,305.20M,30.20M,9.043B,4.30M,4.939B,5.540B,9.013B,4.105B,3.473B,305.20M,5.272B,1.391B
WU,2019-03,-211.60M,833.10M,785.00M,310.00M,0,0.4,0.39,3.131B,897.80M,552.00M,2019-03,173.10M,-37.60M,-37.60M,229.00M,165.30M,3.060B,251.20M,1.556B,216.10M,43.00M,1.337B,300.80M,-374.20M,9.432B,4.30M,1.807B,1.866B,9.806B,7.625B,7.940B,300.80M,1.556B,1.355B
WU,2018-12,-231.00M,3.432B,833.80M,625.00M,0,0.48,0.48,3.323B,972.80M,567.80M,2018-12,212.10M,-37.00M,-37.00M,270.40M,161.10M,2.809B,271.00M,5.433B,235.00M,22.90M,1.402B,296.80M,-309.80M,8.997B,4.40M,4.946B,6.058B,9.307B,4.051B,3.249B,296.80M,5.433B,1.486B
WU,2018-09,-246.60M,3.301B,812.40M,619.00M,0,0.47,0.46,3.330B,952.60M,575.40M,2018-09,208.60M,-36.80M,-36.80M,266.80M,156.30M,2.676B,302.60M,1.670B,266.40M,57.80M,1.388B,272.80M,-415.30M,8.990B,4.40M,4.786B,2.289B,9.405B,4.203B,7.116B,272.80M,1.670B,0
WU,2018-06,-248.00M,3.459B,829.20M,110.00M,0,0.48,0.47,3.272B,911.10M,581.90M,2018-06,217.60M,-36.20M,-36.20M,241.80M,166.20M,3.332B,283.60M,1.752B,255.50M,37.90M,1.411B,298.30M,-451.30M,9.116B,4.50M,4.950B,1.752B,9.567B,4.166B,7.815B,298.30M,1.752B,1.491B
WU,2018-03,-276.00M,3.471B,825.40M,445.00M,0,0.46,0.46,3.296B,869.30M,564.00M,2018-03,213.60M,-34.80M,-34.80M,215.70M,173.80M,3.033B,264.90M,1.856B,234.50M,20.90M,1.389B,299.10M,-375.80M,9.188B,4.60M,4.961B,1.966B,9.564B,4.227B,7.597B,299.10M,1.856B,1.490B
WU,2017-12,-227.90M,3.453B,870.30M,310.00M,0,-2.44,-2.44,3.314B,849.90M,568.00M,2017-12,-1.121B,-36.80M,-36.80M,214.20M,173.00M,3.034B,212.10M,6.159B,-289.20M,831.70M,1.438B,355.90M,-491.40M,9.231B,4.60M,5.201B,6.159B,9.723B,4.030B,3.563B,355.90M,6.159B,1.574B
WU,2017-09,-228.30M,3.516B,840.50M,0,0,0.51,0.51,3.762B,866.60M,564.20M,2017-09,235.60M,-35.90M,-35.90M,211.90M,140.90M,3.533B,272.20M,1.055B,239.20M,3.60M,1.405B,292.00M,709.40M,9.874B,4.60M,4.982B,1.055B,9.164B,4.892B,8.109B,292.00M,1.055B,1.465B
WU,2017-06,-209.40M,3.446B,842.30M,0,0,0.35,0.35,3.778B,847.40M,536.60M,2017-06,166.50M,-34.30M,-34.30M,215.30M,135.70M,3.182B,215.40M,927.60M,184.40M,17.90M,1.379B,321.20M,661.20M,9.408B,4.60M,4.706B,1.373B,8.747B,4.703B,7.374B,321.20M,927.60M,1.260B
WU,2017-03,-173.80M,3.574B,799.90M,0,0,0.34,0.33,3.812B,826.60M,502.50M,2017-03,161.70M,-30.20M,-30.20M,209.30M,135.30M,3.181B,240.10M,1.376B,213.10M,51.40M,1.302B,262.40M,750.30M,9.486B,4.70M,4.775B,1.686B,8.736B,4.711B,7.050B,262.40M,1.376B,1.201B
WU,2016-12,-162.80M,3.299B,842.50M,0,0,-0.73,-0.73,3.826B,820.50M,529.20M,2016-12,-355.00M,-28.80M,-28.80M,220.50M,85.90M,2.786B,-310.20M,5.286B,-338.30M,16.70M,1.372B,839.40M,902.20M,9.420B,4.80M,4.812B,5.286B,8.517B,4.608B,3.231B,839.40M,5.286B,1.327B
WU,2016-09,-176.90M,3.552B,822.90M,0,0,0.45,0.44,3.856B,811.60M,554.90M,2016-09,216.90M,-40.30M,-40.30M,224.40M,272.80M,3.225B,278.30M,793.20M,240.00M,23.10M,1.378B,276.60M,1.388B,9.519B,4.90M,4.670B,793.20M,8.131B,4.849B,7.338B,276.60M,793.20M,1.117B
WU,2016-06,-165.00M,3.356B,821.90M,0,0,0.42,0.42,3.864B,790.50M,553.80M,2016-06,205.60M,-40.30M,-40.30M,221.70M,268.10M,3.228B,260.30M,725.60M,222.50M,16.90M,1.376B,293.50M,1.314B,9.395B,4.90M,4.520B,725.60M,8.080B,4.875B,7.355B,293.50M,725.60M,1.164B
WU,2016-03,-179.10M,3.324B,779.40M,0,0,0.37,0.37,3.860B,779.40M,518.30M,2016-03,185.70M,-39.60M,-39.60M,226.30M,276.70M,3.226B,258.60M,801.20M,217.50M,31.80M,1.298B,259.70M,1.239B,9.418B,4.90M,4.486B,801.20M,8.179B,4.932B,7.378B,259.70M,801.20M,1.162B
WU,2015-12,-143.90M,3.554B,811.00M,35.00M,0,0.42,0.42,3.869B,770.00M,569.00M,2015-12,212.30M,-38.30M,-38.30M,231.80M,272.60M,3.216B,281.80M,4.127B,236.90M,24.60M,1.38B,287.20M,1.405B,9.449B,5.00M,4.765B,4.127B,8.044B,4.684B,3.918B,287.20M,4.127B,1.070B
WU,2015-09,-126.30M,3.670B,817.20M,130.00M,0,0.46,0.45,3.906B,750.00M,582.00M,2015-09,232.30M,-39.20M,-39.20M,224.80M,314.30M,3.484B,304.50M,847.10M,265.40M,33.10M,1.399B,277.50M,1.347B,9.816B,5.10M,4.784B,847.10M,8.469B,5.032B,7.622B,277.50M,847.10M,1.115B
WU,2015-06,-123.50M,4.061B,799.40M,500.00M,0,0.37,0.36,3.937B,710.30M,584.20M,2015-06,189.30M,-40.60M,-40.60M,201.20M,310.10M,3.726B,250.80M,764.60M,206.90M,17.60M,1.384B,333.40M,1.307B,10.06B,5.10M,5.121B,764.60M,8.756B,4.943B,7.992B,333.40M,764.60M,1.060B
WU,2015-03,-78.10M,4.195B,771.80M,0,0,0.39,0.39,3.941B,697.60M,549.10M,2015-03,203.90M,-38.90M,-38.90M,202.60M,317.40M,3.729B,272.30M,766.50M,232.60M,28.70M,1.321B,276.80M,1.350B,10.35B,5.20M,5.227B,766.50M,9.003B,5.126B,8.237B,276.80M,766.50M,1.032B
WU,2014-12,-118.90M,4.09B,831.90M,0,0,0.42,0.42,3.917B,684.90M,578.00M,2014-12,221.50M,-40.30M,-40.30M,206.40M,305.00M,3.720B,276.10M,4.080B,235.90M,14.40M,1.410B,301.90M,1.300B,9.890B,5.20M,5.205B,4.080B,8.59B,4.685B,4.510B,301.90M,4.080B,1.007B
WU,2014-09,-110.90M,3.956B,840.50M,0,0,0.44,0.44,3.938B,672.10M,600.40M,2014-09,234.10M,-41.40M,-41.40M,205.70M,296.00M,3.714B,314.10M,797.60M,272.80M,38.70M,1.441B,286.30M,1.180B,9.847B,5.20M,5.133B,797.60M,8.667B,4.713B,7.869B,286.30M,797.60M,1.178B
WU,2014-06,-162.50M,3.900B,827.80M,0,0,0.36,0.36,3.969B,668.50M,577.80M,2014-06,193.80M,-40.50M,-40.50M,208.50M,309.20M,3.719B,278.30M,755.60M,232.10M,38.30M,1.406B,299.50M,1.070B,9.875B,5.30M,5.208B,790.60M,8.804B,4.666B,8.014B,299.50M,755.60M,1.308B
WU,2014-03,-170.00M,3.988B,797.20M,0,0,0.37,0.37,4.004B,652.60M,553.60M,2014-03,203.00M,-42.90M,-42.90M,214.00M,307.20M,3.714B,272.00M,796.10M,227.40M,24.40M,1.351B,281.60M,1.068B,9.923B,5.40M,5.210B,926.10M,8.855B,4.713B,7.929B,281.60M,796.10M,1.222B
WU,2013-12,-169.00M,4.462B,845.70M,0,0,0.31,0.31,4.006B,638.50M,576.20M,2013-12,173.40M,-46.20M,-46.20M,209.90M,319.20M,4.213B,238.40M,4.126B,192.80M,19.40M,1.422B,337.80M,1.105B,10.12B,5.50M,5.554B,4.126B,9.017B,4.567B,4.890B,337.80M,4.126B,981.30M
WU,2013-09,-165.30M,4.030B,818.20M,0,0,0.39,0.39,4.044B,629.20M,590.60M,2013-09,214.40M,-44.20M,-44.20M,208.60M,345.20M,3.469B,295.30M,795.90M,251.70M,37.30M,1.409B,295.30M,1.050B,9.941B,5.50M,5.151B,1.296B,8.891B,4.790B,7.595B,295.30M,795.90M,1.121B
WU,2013-06,-138.30M,3.706B,811.70M,0,377.80M,0.36,0.36,4.074B,610.80M,574.20M,2013-06,198.60M,-47.30M,-47.30M,203.60M,350.50M,3.717B,276.80M,752.20M,232.20M,33.60M,1.386B,297.40M,928.60M,9.589B,5.50M,4.858B,752.20M,8.661B,4.731B,7.909B,297.40M,752.20M,1.152B
WU,2013-03,-133.70M,3.574B,759.40M,0,388.80M,0.37,0.37,4.042B,600.90M,566.00M,2013-03,212.00M,-48.50M,-48.50M,198.70M,354.00M,3.727B,296.90M,752.70M,250.20M,38.20M,1.325B,269.10M,917.60M,9.362B,5.60M,4.736B,752.70M,8.444B,4.625B,7.691B,269.10M,752.70M,1.162B
WU,2012-12,-152.60M,3.866B,817.40M,450.00M,287.50M,0.4,0.4,4.059B,580.60M,607.30M,2012-12,237.90M,-44.10M,-44.10M,196.10M,382.60M,4.029B,286.00M,3.889B,244.80M,6.90M,1.425B,321.30M,940.60M,9.466B,5.70M,5.023B,3.889B,8.525B,4.443B,4.636B,321.30M,3.889B,1.062B
WU,2012-09,-124.50M,3.289B,796.30M,597.00M,0,0.45,0.45,4.034B,569.50M,625.30M,2012-09,269.50M,-43.20M,-43.20M,196.70M,392.00M,2.983B,365.60M,4.139B,323.80M,54.30M,1.422B,259.70M,1.147B,9.355B,6.00M,4.760B,4.967B,8.208B,4.596B,3.242B,259.70M,4.139B,1.108B
WU,2012-06,-107.00M,3.439B,797.50M,696.30M,0,0.44,0.44,4.036B,587.40M,627.60M,2012-06,271.20M,-43.90M,-43.90M,196.40M,423.30M,3.673B,345.90M,685.60M,310.10M,38.90M,1.425B,281.70M,1.053B,9.166B,6.00M,4.507B,4.178B,8.113B,4.659B,3.936B,281.70M,685.60M,1.068B
WU,2012-03,-132.50M,3.452B,783.00M,0,0,0.4,0.4,4.045B,641.50M,610.40M,2012-03,247.30M,-42.90M,-42.90M,196.30M,294.60M,3.634B,332.50M,757.90M,290.10M,42.80M,1.393B,277.90M,967.40M,9.198B,6.10M,4.581B,3.943B,8.230B,4.617B,4.287B,277.90M,757.90M,1.129B
WU,2011-12,-118.50M,3.415B,792.40M,0,0,0.73,0.72,4.046B,627.80M,638.90M,2011-12,452.30M,-46.00M,-46.00M,198.10M,273.50M,2.986B,358.40M,3.929B,352.60M,-99.70M,1.431B,280.50M,894.80M,9.070B,6.20M,4.603B,4.526B,8.175B,4.467B,3.650B,280.50M,3.929B,1.099B
WU,2011-09,-94.70M,5.428B,800.00M,0,0,0.38,0.38,2.814B,610.30M,610.80M,2011-09,239.70M,-45.60M,-45.60M,193.50M,0,3.286B,363.00M,3.805B,313.90M,74.20M,1.411B,247.80M,501.90M,8.820B,6.20M,5.428B,4.501B,8.318B,3.392B,3.817B,247.80M,3.805B,1.120B
WU,2011-06,-156.50M,3.556B,764.20M,0,0,0.42,0.41,2.813B,609.10M,602.10M,2011-06,263.20M,-42.90M,-42.90M,196.40M,0,3.586B,350.70M,906.90M,333.40M,70.20M,1.366B,251.40M,379.10M,8.010B,6.30M,4.675B,3.780B,7.630B,3.334B,3.851B,251.40M,906.90M,0
WU,2011-03,-153.40M,2.216B,745.40M,0,0,0.32,0.32,2.580B,592.10M,537.60M,2011-03,210.20M,-42.20M,-42.20M,194.10M,0,3.583B,312.90M,3.473B,274.70M,64.50M,1.283B,224.70M,280.30M,7.888B,6.30M,4.749B,3.473B,7.607B,3.138B,4.134B,224.70M,3.473B,0
