Ticker,Date,Accrued Comprehensive Inc,Cash and Short Term Investments,Cost of Goods Sold,Current Debt & Capital Lease Obligation,Current Deferred Liabilities,EPS Basic,EPS Diluted,Goodwill and Intangibles,Gross PP&E,Gross Profit,Income (Quarterly),Inventories,Net Income,Net Non-Operating Interest Income Expense,Net Operating Interest Income,Net PP&E,Non-Current Deferred Liabilities,Non-Current Portion of LTD and Capital Lease Obligation,Operating Income,Payables and Accrued Expenses,Pre-Tax Income,Provision for Income Taxes,Revenue,SG&A Expense,Shareholders Equity,Total Assets,Total Capital Stock,Total Current Assets,Total Current Liabilities,Total Liabilities,Total Long Term Assets,Total Long Term Liabilities,Total Operating Expenses,Total Payables,Total Receivables
WYNN,2020-12,3.604M,3.482B,478.58M,596.41M,646.86M,-2.53,-2.53,278.20M,14.76B,207.41M,2020-12,66.28M,-269.50M,-147.87M,-147.87M,9.595B,0,12.59B,-154.86M,510.78M,-309.72M,0.568M,686.00M,173.54M,-352.00M,13.87B,1.235M,3.813B,1.881B,14.61B,10.06B,12.73B,362.27M,214.82M,200.16M
WYNN,2020-09,-0.898M,3.555B,286.71M,226.62M,886.07M,-7.1,-7.1,138.74M,14.73B,83.74M,2020-09,73.63M,-758.14M,-143.11M,-143.11M,9.719B,0,12.69B,-273.10M,463.77M,-424.17M,407.36M,370.45M,160.90M,-128.70M,13.97B,1.234M,3.869B,1.689B,14.51B,10.10B,12.83B,356.85M,168.27M,178.83M
WYNN,2020-06,-0.908M,3.798B,240.27M,298.05M,954.07M,-5.97,-5.97,141.30M,14.70B,-154.57M,2020-06,84.78M,-637.56M,-129.24M,-129.24M,9.855B,0,12.63B,-516.45M,459.82M,-653.93M,80.94M,85.70M,152.08M,619.52M,14.89B,1.234M,4.236B,1.870B,14.61B,10.65B,12.74B,361.88M,223.32M,296.32M
WYNN,2020-03,-0.947M,2.881B,737.66M,236.00M,913.40M,-3.77,-3.77,143.86M,14.67B,216.06M,2020-03,86.18M,-402.04M,-120.87M,-120.87M,9.986B,0,11.29B,-220.18M,486.35M,-374.45M,75.80M,953.72M,234.33M,1.242B,14.27B,1.234M,3.415B,1.885B,13.28B,10.86B,11.40B,436.24M,242.57M,380.77M
WYNN,2019-12,-1.679M,2.352B,1.007B,323.88M,824.27M,-0.68,-0.68,146.41M,14.59B,646.34M,2019-12,88.52M,-72.94M,-108.58M,-108.58M,10.08B,0,10.24B,228.94M,654.60M,139.95M,157.42M,1.653B,230.68M,1.743B,13.87B,1.228M,2.856B,1.983B,12.33B,11.01B,10.35B,417.39M,430.48M,346.43M
WYNN,2019-09,-2.70M,1.676B,1.037B,116.12M,956.74M,-0.03,-0.03,148.97M,14.44B,611.14M,2019-09,80.49M,-3.496M,-108.22M,-108.22M,10.07B,0,9.572B,186.05M,694.77M,46.61M,19.73M,1.648B,246.44M,1.919B,13.28B,1.228M,2.111B,1.930B,11.61B,11.17B,9.681B,425.09M,480.64M,286.61M
WYNN,2019-06,-1.986M,1.502B,1.017B,74.37M,906.46M,0.88,0.88,133.07M,14.33B,641.60M,2019-06,81.77M,94.55M,-86.88M,-86.88M,10.09B,0,9.263B,225.65M,829.83M,140.24M,-1.991M,1.658B,202.22M,2.051B,13.17B,1.228M,1.967B,1.975B,11.31B,11.20B,9.339B,415.96M,646.74M,296.70M
WYNN,2019-03,-2.591M,1.823B,1.007B,54.66M,916.09M,0.98,0.98,133.84M,13.91B,644.96M,2019-03,67.37M,104.87M,-85.89M,-85.89M,9.806B,0,9.291B,257.95M,780.66M,161.42M,1.685M,1.652B,217.32M,2.078B,13.16B,1.226M,2.242B,1.878B,11.25B,10.92B,9.368B,387.01M,571.98M,259.80M
WYNN,2018-12,-1.95M,2.215B,1.035B,11.96M,955.45M,4.43,4.41,222.51M,13.47B,652.83M,2018-12,66.63M,464.87M,-91.88M,-91.88M,9.386B,0,9.411B,275.87M,750.69M,142.80M,-372.71M,1.688B,215.87M,2.034B,13.22B,1.221M,2.641B,1.882B,11.40B,10.57B,9.519B,376.96M,569.14M,276.64M
WYNN,2018-09,-2.083M,1.949B,1.052B,236.84M,836.70M,1.44,1.44,223.38M,13.21B,656.60M,2018-09,63.08M,156.12M,-86.06M,-86.06M,9.221B,0,8.695B,309.81M,832.14M,215.89M,-3.884M,1.709B,192.33M,1.805B,12.38B,1.221M,2.336B,2.047B,10.84B,10.04B,8.790B,346.78M,665.23M,232.67M
WYNN,2018-06,-1.938M,1.505B,985.75M,179.08M,839.72M,1.44,1.44,224.01M,12.93B,619.67M,2018-06,66.76M,155.76M,-83.04M,-83.04M,9.054B,87.28M,8.134B,288.36M,590.84M,195.58M,-9.702M,1.605B,183.63M,1.713B,11.82B,1.22M,1.888B,1.747B,9.997B,9.928B,8.250B,331.31M,443.80M,230.11M
WYNN,2018-03,-1.874M,2.061B,1.013B,121.71M,1.037B,-1.99,-1.99,212.38M,12.65B,702.29M,2018-03,67.58M,-204.31M,-91.01M,-91.01M,8.888B,71.03M,9.235B,385.31M,825.53M,-248.52M,-111.04M,1.716B,169.58M,711.56M,12.22B,1.166M,2.448B,2.099B,11.44B,9.767B,9.345B,316.98M,665.22M,228.23M
WYNN,2017-12,-1.845M,2.971B,1.005B,62.69M,1.050B,4.8,4.77,123.70M,12.14B,617.36M,2017-12,71.64M,491.68M,-87.59M,-87.59M,8.499B,68.62M,9.566B,292.50M,677.52M,209.94M,-334.02M,1.622B,182.85M,947.85M,12.68B,1.164M,3.424B,1.930B,11.60B,9.258B,9.673B,324.86M,497.04M,224.13M
WYNN,2017-09,-0.673M,3.093B,940.68M,405.34M,883.20M,0.78,0.78,124.30M,11.91B,610.67M,2017-09,82.90M,79.77M,-87.43M,-87.43M,8.387B,66.56M,9.772B,285.62M,628.72M,105.51M,-0.457M,1.551B,178.50M,329.08M,12.43B,1.161M,3.557B,2.062B,12.03B,8.871B,9.968B,325.05M,468.37M,224.13M
WYNN,2017-06,-1.068M,2.623B,912.31M,1.74M,775.38M,0.73,0.73,124.90M,11.74B,560.58M,2017-06,84.51M,74.92M,-90.66M,-90.66M,8.322B,36.09M,9.806B,254.05M,624.29M,109.40M,2.607M,1.473B,164.17M,273.42M,11.86B,1.159M,3.040B,1.540B,11.50B,8.817B,9.959B,306.53M,475.17M,196.18M
WYNN,2017-03,0.709M,2.677B,869.40M,0,732.79M,0.99,0.99,112.99M,11.58B,554.36M,2017-03,86.47M,100.82M,-91.79M,-91.79M,8.274B,36.32M,9.813B,252.97M,668.70M,135.42M,2.89M,1.424B,159.96M,219.96M,11.83B,1.156M,3.081B,1.508B,11.48B,8.748B,9.969B,301.40M,517.53M,186.00M
WYNN,2016-12,1.484M,2.627B,698.44M,0,599.57M,1.12,1.12,113.59M,11.43B,481.49M,2016-12,91.54M,113.80M,-92.07M,-92.07M,8.260B,39.74M,10.13B,162.35M,651.23M,133.55M,6.983M,1.180B,166.99M,157.95M,11.95B,1.15M,2.990B,1.416B,11.70B,8.963B,10.28B,319.14M,461.21M,218.97M
WYNN,2016-09,2.022M,1.737B,695.29M,0,529.19M,-0.17,-0.17,114.18M,11.32B,414.53M,2016-09,88.73M,-17.44M,-75.99M,-75.99M,8.270B,0,9.441B,95.44M,749.06M,-19.21M,0.12M,1.110B,144.21M,-134.00M,10.93B,1.149M,2.057B,1.430B,10.99B,8.869B,9.560B,319.08M,502.21M,177.59M
WYNN,2016-06,2.097M,2.113B,651.81M,0,420.58M,0.69,0.69,114.78M,10.73B,406.55M,2016-06,74.79M,70.39M,-66.47M,-66.47M,7.775B,0,9.457B,158.87M,424.87M,86.55M,-2.893M,1.058B,119.50M,-69.58M,10.61B,1.149M,2.415B,991.94M,10.61B,8.196B,9.617B,247.68M,271.00M,173.55M
WYNN,2016-03,1.927M,2.286B,607.97M,0,429.35M,0.74,0.74,110.38M,10.54B,389.71M,2016-03,72.60M,75.22M,-41.29M,-41.29M,7.633B,0,9.409B,159.82M,409.23M,109.71M,3.918M,997.68M,117.44M,-84.33M,10.65B,1.149M,2.605B,970.62M,10.57B,8.041B,9.595B,229.89M,202.08M,188.48M
WYNN,2015-12,1.092M,2.195B,575.98M,80.10M,436.41M,0.86,0.86,110.97M,10.32B,370.92M,2015-12,74.49M,87.22M,-71.03M,-71.03M,7.477B,36.36M,9.150B,158.43M,528.06M,88.60M,-16.19M,946.90M,112.25M,-111.98M,10.46B,1.146M,2.506B,1.110B,10.44B,7.953B,9.327B,212.49M,366.35M,187.89M
WYNN,2015-09,1.743M,2.025B,622.88M,150.94M,427.97M,0.95,0.95,111.58M,9.883B,373.40M,2015-09,66.58M,96.21M,-72.61M,-72.61M,7.090B,36.57M,8.748B,153.76M,538.99M,120.85M,7.418M,996.28M,116.64M,-176.83M,9.981B,1.146M,2.348B,1.113B,10.04B,7.633B,8.929B,219.64M,332.76M,204.65M
WYNN,2015-06,1.963M,1.617B,654.07M,1.05M,512.18M,0.56,0.56,112.18M,9.366B,386.39M,2015-06,66.58M,56.46M,-73.74M,-73.74M,6.618B,39.99M,7.985B,169.59M,498.59M,90.50M,13.30M,1.040B,113.71M,-208.45M,9.283B,1.146M,2.088B,1.227B,9.394B,7.195B,8.167B,216.80M,303.87M,267.96M
WYNN,2015-03,1.953M,1.806B,677.44M,1.05M,509.55M,-0.44,-0.44,112.77M,8.936B,414.80M,2015-03,69.91M,-44.60M,-76.29M,-76.29M,6.246B,27.50M,7.834B,187.56M,467.40M,-10.70M,3.197M,1.092B,122.20M,-224.05M,9.152B,1.146M,2.383B,1.248B,9.299B,6.769B,8.051B,227.24M,325.54M,290.76M
WYNN,2014-12,2.505M,2.422B,699.76M,1.05M,548.82M,1.08,1.07,112.37M,8.477B,438.21M,2014-12,72.22M,109.35M,-74.62M,-74.62M,5.856B,30.07M,7.345B,212.29M,615.46M,136.15M,-12.04M,1.138B,125.83M,-28.78M,9.063B,1.144M,2.782B,1.308B,8.852B,6.281B,7.543B,225.92M,440.55M,237.96M
WYNN,2014-09,2.35M,3.142B,818.52M,1.05M,640.19M,1.9,1.88,28.98M,8.031B,551.49M,2014-09,69.98M,191.41M,-73.23M,-73.23M,5.461B,36.67M,7.341B,334.22M,555.12M,257.89M,4.888M,1.370B,126.83M,94.72M,9.182B,1.143M,3.470B,1.344B,8.888B,5.711B,7.544B,217.27M,394.75M,206.47M
WYNN,2014-06,3.114M,3.277B,859.46M,223.45M,620.26M,2.02,2,29.58M,7.723B,552.60M,2014-06,70.13M,203.91M,-76.26M,-76.26M,5.216B,38.65M,7.310B,343.44M,514.98M,259.17M,0.764M,1.412B,128.52M,21.41M,9.071B,1.143M,3.618B,1.285B,8.783B,5.453B,7.498B,209.16M,368.34M,218.90M
WYNN,2014-03,2.528M,3.492B,938.57M,0,515.19M,2.25,2.22,30.17M,7.470B,575.05M,2014-03,71.86M,226.90M,-70.50M,-70.50M,5.036B,42.75M,7.330B,386.76M,623.59M,305.65M,2.609M,1.514B,111.28M,-72.46M,9.113B,1.142M,3.839B,1.255B,8.792B,5.274B,7.537B,188.28M,498.84M,230.69M
WYNN,2013-12,2.913M,2.609B,933.08M,0,708.44M,2.12,2.1,30.77M,7.313B,586.82M,2013-12,74.74M,213.88M,-72.21M,-72.21M,4.934B,14.34M,6.587B,372.01M,632.94M,284.15M,-6.335M,1.520B,116.47M,-184.51M,8.377B,1.142M,2.969B,1.456B,8.245B,5.408B,6.789B,214.81M,478.12M,241.93M
WYNN,2013-09,3.078M,2.041B,863.14M,0,753.29M,1.81,1.79,31.15M,7.108B,526.97M,2013-09,73.04M,182.02M,-70.33M,-70.33M,4.810B,21.02M,5.987B,316.59M,512.87M,241.53M,-7.281M,1.390B,105.03M,1.297M,8.070B,1.141M,2.766B,1.627B,7.828B,5.304B,6.201B,210.38M,396.89M,216.25M
WYNN,2013-06,2.678M,2.175B,837.83M,1.05M,747.40M,1.29,1.28,29.24M,6.973B,494.44M,2013-06,70.15M,129.78M,-69.61M,-69.61M,4.761B,29.67M,6.011B,279.64M,498.19M,193.84M,1.124M,1.332B,132.38M,-88.03M,7.773B,1.141M,2.490B,1.368B,7.596B,5.283B,6.228B,214.81M,371.37M,207.03M
WYNN,2013-03,2.382M,2.153B,844.78M,1.05M,636.41M,2.02,2,30.18M,6.858B,533.88M,2013-03,67.91M,202.96M,-71.16M,-71.16M,4.723B,38.24M,5.781B,338.99M,487.65M,267.00M,-5.142M,1.379B,94.91M,-157.03M,7.536B,1.138M,2.505B,1.234B,7.261B,5.031B,6.027B,194.88M,389.28M,243.58M
WYNN,2012-12,4.177M,1.864B,801.96M,1.05M,547.83M,1.11,1.1,31.30M,6.778B,487.13M,2012-12,63.80M,111.37M,-73.01M,-73.01M,4.728B,45.50M,5.782B,261.39M,474.78M,182.61M,16.78M,1.289B,120.19M,-259.04M,7.277B,1.137M,2.202B,1.131B,7.173B,5.074B,6.041B,225.73M,329.97M,238.57M
WYNN,2012-09,3.625M,2.530B,813.34M,1.40M,598.78M,1.12,1.11,32.41M,6.663B,485.16M,2012-09,65.53M,112.04M,-71.32M,-71.32M,4.698B,36.72M,5.781B,269.81M,479.13M,157.54M,-7.626M,1.298B,115.78M,411.34M,7.956B,1.134M,2.841B,1.206B,7.237B,5.115B,6.031B,215.34M,357.41M,213.32M
WYNN,2012-06,2.096M,2.152B,809.58M,165.80M,612.43M,1.38,1.37,33.52M,6.630B,443.62M,2012-06,66.29M,138.06M,-71.39M,-71.39M,4.745B,45.88M,5.292B,267.66M,442.95M,194.55M,-4.74M,1.253B,99.78M,341.64M,7.481B,1.134M,2.471B,1.337B,6.885B,5.010B,5.548B,175.96M,314.82M,218.07M
WYNN,2012-03,2.307M,1.993B,826.69M,168.02M,606.70M,1.25,1.23,34.64M,6.602B,486.80M,2012-03,68.16M,140.56M,-60.50M,-60.50M,4.802B,51.97M,5.328B,270.38M,486.40M,198.29M,-0.117M,1.313B,105.95M,248.68M,7.403B,1.134M,2.320B,1.349B,6.962B,5.083B,5.614B,216.42M,335.66M,222.55M
WYNN,2011-12,0.84M,1.385B,851.31M,407.93M,579.59M,1.53,1.51,35.75M,6.586B,492.56M,2011-12,72.06M,190.47M,-52.95M,-52.95M,4.865B,54.29M,2.810B,405.46M,495.76M,227.11M,-31.15M,1.344B,-22.52M,2.089B,6.899B,1.379M,1.726B,1.580B,4.676B,5.173B,3.096B,87.10M,351.13M,238.49M
WYNN,2011-09,-2.867M,1.910B,836.02M,170.56M,549.30M,1.02,1.01,36.86M,6.327B,462.29M,2011-09,77.41M,127.06M,-54.80M,-54.80M,4.687B,76.51M,2.933B,239.84M,429.98M,189.46M,4.27M,1.298B,117.60M,2.575B,7.429B,1.378M,2.205B,1.326B,4.568B,5.224B,3.242B,222.44M,282.28M,190.35M
WYNN,2011-06,0.921M,1.784B,845.51M,150.90M,471.39M,0.98,0.97,37.98M,6.325B,521.84M,2011-06,75.37M,122.03M,-56.65M,-56.65M,4.770B,76.07M,2.995B,213.03M,436.99M,160.56M,5.231M,1.367B,202.97M,2.508B,7.108B,1.378M,2.071B,1.158B,4.370B,5.037B,3.212B,308.81M,337.09M,180.79M
WYNN,2011-03,-0.009M,1.447B,777.20M,2.675M,386.53M,1.4,1.39,39.09M,6.317B,483.07M,2011-03,80.90M,173.80M,-57.86M,-57.86M,4.854B,77.66M,3.164B,280.56M,388.03M,228.44M,2.106M,1.260B,91.01M,2.421B,6.783B,1.375M,1.745B,864.54M,4.167B,5.038B,3.303B,202.52M,312.56M,186.84M
