Ticker,Date,Accrued Comprehensive Inc,Cash and Short Term Investments,Cost of Goods Sold,Current Debt & Capital Lease Obligation,EPS Basic,EPS Diluted,Goodwill and Intangibles,Gross PP&E,Gross Profit,Income (Quarterly),Inventories,Net Income,Net Non-Operating Interest Income Expense,Net Operating Interest Income,Net PP&E,Non-Current Deferred Liabilities,Non-Current Portion of LTD and Capital Lease Obligation,Operating Income,Payables and Accrued Expenses,Pre-Tax Income,Provision for Income Taxes,Revenue,SG&A Expense,Shareholders Equity,Total Assets,Total Capital Stock,Total Current Assets,Total Current Liabilities,Total Liabilities,Total Long Term Assets,Total Long Term Liabilities,Total Operating Expenses,Total Payables,Total Receivables
XEL,2020-12,-141.00M,129.00M,1.79B,1.219B,0.54,0.54,0,64.13B,1.157B,2020-12,535.00M,288.00M,-203.00M,-203.00M,44.44B,4.988B,20.99B,426.00M,2.249B,258.00M,-30.00M,2.947B,0,14.58B,53.96B,1.344B,3.275B,4.239B,39.38B,50.68B,35.14B,731.00M,2.046B,1.63B
XEL,2020-09,-143.00M,885.00M,1.625B,1.109B,1.15,1.14,0,63.85B,1.557B,2020-09,512.00M,603.00M,-210.00M,-210.00M,43.76B,4.943B,21.36B,813.00M,2.518B,646.00M,43.00M,3.182B,0,13.78B,53.71B,1.314B,3.837B,4.393B,39.93B,49.87B,35.54B,744.00M,2.332B,1.485B
XEL,2020-06,-145.00M,1.625B,1.477B,2.66B,0.54,0.54,0,62.05B,1.109B,2020-06,487.00M,287.00M,-196.00M,-196.00M,42.35B,4.817B,20.59B,422.00M,1.957B,274.00M,-13.00M,2.586B,0,13.38B,53.46B,1.313B,4.39B,5.473B,40.07B,49.07B,34.60B,687.00M,1.757B,1.412B
XEL,2020-03,-148.00M,244.00M,1.67B,3.01B,0.56,0.56,0,61.33B,1.141B,2020-03,488.00M,295.00M,-189.00M,-189.00M,42.04B,4.742B,18.17B,455.00M,1.942B,289.00M,-6.00M,2.811B,0,13.30B,51.13B,1.313B,2.983B,5.839B,37.83B,48.15B,31.99B,686.00M,1.775B,1.40B
XEL,2019-12,-141.00M,248.00M,1.689B,1.491B,0.56,0.56,0,60.60B,1.109B,2019-12,544.00M,292.00M,-185.00M,-185.00M,41.16B,4.761B,18.96B,450.00M,2.164B,299.00M,7.00M,2.798B,0,13.24B,50.45B,1.311B,3.113B,4.568B,37.21B,47.34B,32.64B,659.00M,1.972B,1.55B
XEL,2019-09,-142.00M,864.00M,1.596B,1.786B,1.02,1.01,0,59.60B,1.417B,2019-09,544.00M,527.00M,-192.00M,-192.00M,40.42B,4.68B,18.42B,758.00M,2.079B,599.00M,72.00M,3.013B,0,13.14B,50.24B,1.311B,3.60B,5.021B,37.10B,46.64B,32.08B,659.00M,1.913B,1.444B
XEL,2019-06,-135.00M,353.00M,1.521B,2.15B,0.46,0.46,0,58.25B,1.056B,2019-06,483.00M,238.00M,-179.00M,-179.00M,39.41B,4.568B,17.64B,410.00M,1.788B,262.00M,24.00M,2.577B,0,12.37B,48.58B,1.287B,2.939B,5.06B,36.22B,45.64B,31.16B,646.00M,1.608B,1.376B
XEL,2019-03,-127.00M,94.00M,2.00B,1.254B,0.61,0.61,0,57.18B,1.141B,2019-03,445.00M,315.00M,-179.00M,-179.00M,38.73B,4.507B,17.65B,486.00M,2.076B,340.00M,25.00M,3.141B,0,12.33B,47.85B,1.287B,2.909B,4.424B,35.52B,44.94B,31.10B,655.00M,1.917B,1.636B
XEL,2018-12,-124.00M,147.00M,1.885B,1.444B,0.42,0.42,0,55.02B,995.00M,2018-12,548.00M,214.00M,-164.00M,-164.00M,36.94B,4.418B,15.80B,339.00M,2.056B,208.00M,-6.00M,2.88B,0,12.22B,45.99B,1.285B,3.094B,4.46B,33.76B,42.89B,29.30B,656.00M,1.882B,1.615B
XEL,2018-09,-119.00M,213.00M,1.70B,993.00M,0.96,0.96,0,53.75B,1.348B,2018-09,528.00M,491.00M,-164.00M,-164.00M,35.88B,4.373B,15.51B,696.00M,1.969B,564.00M,73.00M,3.048B,0,12.16B,44.84B,1.283B,3.003B,3.838B,32.67B,41.83B,28.83B,652.00M,1.811B,1.506B
XEL,2018-06,-122.00M,332.00M,1.625B,1.538B,0.52,0.52,0,53.12B,1.033B,2018-06,511.00M,265.00M,-164.00M,-164.00M,35.29B,4.231B,15.31B,450.00M,1.777B,319.00M,54.00M,2.658B,1.00M,11.65B,44.24B,1.272B,3.056B,4.178B,32.59B,41.18B,28.41B,583.00M,1.601B,1.456B
XEL,2018-03,-124.00M,116.00M,1.872B,1.482B,0.57,0.57,0,52.28B,1.079B,2018-03,492.00M,291.00M,-160.00M,-160.00M,34.68B,4.162B,14.52B,480.00M,1.911B,350.00M,59.00M,2.951B,1.00M,11.56B,43.16B,1.272B,2.782B,4.122B,31.60B,40.38B,27.48B,599.00M,1.764B,1.473B
XEL,2017-12,-125.00M,83.00M,1.778B,1.271B,0.37,0.37,0,51.62B,1.017B,2017-12,610.00M,189.00M,-167.00M,-167.00M,34.33B,4.096B,14.52B,442.00M,2.048B,307.00M,118.00M,2.795B,1.00M,11.46B,43.03B,1.269B,2.973B,4.088B,31.58B,40.06B,27.49B,575.00M,1.874B,1.561B
XEL,2017-09,-104.81M,167.84M,1.614B,819.42M,0.97,0.97,0,51.20B,1.403B,2017-09,616.68M,492.00M,-151.00M,-151.00M,33.95B,7.613B,14.57B,823.00M,1.750B,697.00M,205.00M,3.017B,1.148M,11.44B,42.47B,1.269B,2.899B,3.340B,31.03B,39.57B,27.69B,580.00M,1.603B,1.433B
XEL,2017-06,-106.80M,61.38M,1.613B,1.289B,0.45,0.45,0,50.48B,1.032B,2017-06,542.04M,227.00M,-154.00M,-154.00M,33.54B,7.382B,14.09B,465.00M,1.672B,329.00M,102.00M,2.645B,0.92M,11.12B,41.86B,1.269B,2.757B,3.691B,30.74B,39.10B,27.05B,567.00M,1.496B,1.368B
XEL,2017-03,-108.58M,73.98M,1.879B,1.360B,0.47,0.47,0,49.95B,1.067B,2017-03,519.08M,239.00M,-155.00M,-155.00M,33.16B,7.251B,13.70B,491.00M,1.740B,356.00M,117.00M,2.946B,0.50M,11.07B,41.29B,1.269B,2.633B,3.708B,30.22B,38.65B,26.51B,576.00M,1.588B,1.337B
XEL,2016-12,-110.00M,85.00M,1.773B,647.00M,0.45,0.45,0,49.40B,1.022B,2016-12,604.00M,227.10M,-161.36M,-161.36M,32.84B,7.042B,14.20B,494.06M,1.847B,336.64M,109.54M,2.795B,0,11.02B,41.16B,1.268B,2.842B,3.247B,30.13B,38.31B,26.89B,528.13M,1.674B,1.506B
XEL,2016-09,-104.96M,353.38M,1.703B,1.076B,0.9,0.9,0,48.58B,1.337B,2016-09,614.91M,457.80M,-156.94M,-156.94M,32.21B,7.133B,13.40B,825.91M,1.667B,696.21M,238.41M,3.040B,0,10.99B,40.32B,1.270B,3.076B,3.454B,29.34B,37.25B,25.88B,510.76M,1.512B,1.322B
XEL,2016-06,-106.80M,76.71M,1.551B,1.157B,0.39,0.39,0,47.98B,948.50M,2016-06,526.78M,196.80M,-155.31M,-155.31M,31.82B,6.898B,13.10B,430.66M,1.594B,301.19M,104.40M,2.500B,0,10.70B,39.49B,1.270B,2.704B,3.506B,28.79B,36.79B,25.28B,517.84M,1.425B,1.279B
XEL,2016-03,-108.61M,101.49M,1.760B,839.52M,0.47,0.47,0,47.31B,1.013B,2016-03,520.05M,241.31M,-146.38M,-146.38M,31.43B,6.782B,13.15B,489.37M,1.656B,369.96M,128.65M,2.772B,0,10.67B,39.07B,1.270B,2.733B,3.189B,28.40B,36.34B,25.21B,523.28M,1.508B,1.255B
XEL,2015-12,-109.75M,84.94M,1.727B,1.503B,0.41,0.41,0,46.86B,918.52M,2015-12,608.58M,208.54M,-145.55M,-145.55M,31.21B,6.451B,12.40B,438.08M,1.728B,319.05M,110.51M,2.645B,2.422M,10.60B,38.82B,1.269B,2.770B,4.058B,28.22B,36.05B,24.16B,480.44M,1.562B,1.379B
XEL,2015-09,-103.64M,404.41M,1.655B,521.47M,0.84,0.84,0,45.59B,1.246B,2015-09,644.96M,426.46M,-145.22M,-145.22M,29.83B,6.688B,12.69B,786.50M,1.609B,665.49M,239.03M,2.901B,-0.689M,10.54B,38.03B,1.268B,3.344B,3.085B,27.48B,34.69B,24.40B,459.83M,1.466B,1.287B
XEL,2015-06,-105.19M,135.60M,1.634B,1.158B,0.39,0.39,0,44.90B,881.32M,2015-06,532.70M,196.93M,-137.67M,-137.67M,29.35B,6.562B,11.90B,422.62M,1.433B,306.81M,109.88M,2.515B,0.222M,10.27B,37.27B,1.267B,3.049B,3.537B,27.00B,34.22B,23.46B,458.70M,1.273B,1.259B
XEL,2015-03,-106.69M,133.04M,2.018B,1.226B,0.3,0.3,0,44.33B,943.84M,2015-03,505.21M,152.07M,-134.56M,-134.56M,28.97B,6.412B,11.50B,348.80M,1.672B,235.65M,83.58M,2.962B,2.045M,10.21B,36.88B,1.267B,3.057B,3.775B,26.66B,33.82B,22.89B,595.04M,1.540B,1.371B
XEL,2014-12,-108.14M,79.61M,2.090B,1.277B,0.39,0.39,0,43.88B,838.77M,2014-12,597.18M,196.34M,-135.07M,-135.07M,28.76B,6.184B,11.50B,388.99M,1.880B,284.16M,87.82M,2.929B,2.26M,10.21B,36.96B,1.264B,3.364B,4.065B,26.74B,33.59B,22.68B,449.78M,1.721B,1.555B
XEL,2014-09,-102.00M,137.87M,1.756B,954.51M,0.73,0.73,0,42.59B,1.114B,2014-09,634.26M,368.58M,-132.13M,-132.13M,27.63B,6.089B,11.50B,665.26M,1.717B,564.55M,195.97M,2.870B,0.417M,10.15B,35.36B,1.264B,3.197B,3.471B,25.21B,32.17B,21.74B,448.94M,1.585B,1.335B
XEL,2014-06,-103.37M,99.54M,1.845B,785.32M,0.39,0.39,0,41.83B,839.63M,2014-06,501.27M,195.16M,-128.00M,-128.00M,27.07B,5.897B,11.75B,394.77M,1.546B,299.42M,104.26M,2.685B,2.438M,9.921B,34.72B,1.263B,3.124B,3.060B,24.80B,31.59B,21.74B,444.86M,1.387B,1.352B
XEL,2014-03,-104.82M,132.31M,2.260B,1.047B,0.52,0.52,0,41.15B,942.18M,2014-03,436.24M,261.22M,-125.65M,-125.65M,26.54B,5.763B,11.21B,492.18M,1.806B,396.99M,135.77M,3.203B,1.808M,9.747B,34.20B,1.253B,3.129B,3.468B,24.45B,31.07B,20.98B,450.00M,1.674B,1.461B
XEL,2013-12,-106.28M,107.14M,1.980B,1.040B,0.3,0.3,0,40.57B,750.49M,2013-12,576.54M,150.06M,-132.72M,-132.72M,26.12B,5.686B,10.91B,323.22M,1.939B,223.36M,73.30M,2.731B,2.36M,9.566B,33.91B,1.245B,3.218B,3.654B,24.34B,30.69B,20.69B,427.26M,1.779B,1.431B
XEL,2013-09,-109.98M,101.83M,1.756B,582.54M,0.73,0.73,0,39.63B,1.067B,2013-09,604.63M,364.75M,-133.86M,-133.86M,25.34B,5.533B,10.91B,662.73M,1.575B,558.10M,193.35M,2.822B,2.386M,9.547B,33.13B,1.244B,3.121B,2.839B,23.58B,30.01B,20.74B,403.98M,1.441B,1.363B
XEL,2013-06,-111.84M,58.82M,1.770B,636.04M,0.4,0.4,0,38.95B,808.67M,2013-06,494.89M,196.86M,-135.03M,-135.03M,24.81B,5.163B,10.82B,400.83M,1.537B,295.75M,98.89M,2.579B,1.407M,9.300B,32.27B,1.243B,2.818B,2.697B,22.97B,29.45B,20.27B,407.84M,1.380B,1.345B
XEL,2013-03,-113.62M,112.96M,1.902B,431.93M,0.48,0.48,0,38.21B,880.79M,2013-03,447.71M,236.57M,-126.07M,-126.07M,24.22B,4.984B,10.64B,452.48M,1.616B,355.00M,118.43M,2.783B,2.139M,9.155B,31.59B,1.237B,2.705B,2.527B,22.43B,28.88B,19.91B,428.30M,1.481B,1.376B
XEL,2012-12,-112.65M,82.32M,1.831B,860.16M,0.29,0.29,0,37.60B,720.40M,2012-12,535.57M,140.17M,-131.49M,-131.49M,23.81B,4.771B,10.14B,314.93M,1.588B,210.28M,70.04M,2.551B,1.463M,8.874B,31.14B,1.220B,2.625B,2.937B,22.27B,28.52B,19.33B,405.47M,1.425B,1.381B
XEL,2012-09,-109.60M,747.27M,1.595B,1.163B,0.82,0.81,0,37.15B,1.129B,2012-09,562.72M,398.11M,-141.46M,-141.46M,23.40B,4.888B,10.11B,718.39M,1.442B,600.99M,202.84M,2.724B,2.042M,8.850B,31.06B,1.219B,3.371B,3.161B,22.21B,27.69B,19.05B,410.65M,1.282B,1.226B
XEL,2012-06,-102.01M,63.53M,1.484B,1.793B,0.38,0.38,0,36.59B,790.58M,2012-06,473.14M,183.06M,-143.36M,-143.36M,23.05B,4.650B,8.706B,404.63M,1.395B,284.88M,101.80M,2.275B,1.061M,8.574B,29.82B,1.218B,2.560B,3.831B,21.25B,27.26B,17.42B,385.95M,1.218B,1.195B
XEL,2012-03,-67.52M,99.74M,1.800B,1.649B,0.38,0.38,0,36.07B,778.16M,2012-03,474.36M,183.89M,-139.60M,-139.60M,22.67B,4.546B,8.598B,377.36M,1.434B,259.28M,75.52M,2.578B,2.799M,8.538B,29.45B,1.217B,2.543B,3.708B,20.92B,26.91B,17.21B,400.80M,1.272B,1.210B
XEL,2011-12,-94.04M,60.68M,3.439B,1.279B,0.29,0.29,0,35.65B,-870.81M,2011-12,618.23M,140.51M,-143.58M,-143.58M,22.35B,4.355B,8.849B,339.22M,1.495B,219.22M,78.48M,2.568B,-207.29M,8.482B,29.50B,1.216B,2.983B,3.589B,21.02B,26.51B,17.43B,-1.210B,1.318B,1.442B
XEL,2011-09,-80.97M,194.16M,1.245B,512.41M,0.69,0.69,0,34.83B,1.587B,2011-09,608.01M,338.33M,-139.74M,-139.74M,21.73B,4.155B,9.450B,651.50M,1.377B,531.60M,193.30M,2.832B,71.28M,8.536B,28.54B,1.317B,2.861B,2.653B,20.00B,25.68B,17.35B,935.59M,1.215B,1.305B
XEL,2011-06,-50.98M,101.60M,1.159B,709.93M,0.33,0.33,0,34.48B,1.279B,2011-06,484.77M,158.76M,-144.86M,-144.86M,21.51B,4.013B,9.264B,359.44M,1.439B,243.20M,84.53M,2.438B,65.50M,8.340B,28.00B,1.316B,2.479B,2.639B,19.66B,25.52B,17.02B,919.42M,1.274B,1.270B
XEL,2011-03,-51.85M,94.34M,1.483B,586.26M,0.42,0.42,0,33.70B,1.333B,2011-03,442.20M,203.57M,-139.58M,-139.58M,20.91B,3.924B,9.264B,426.66M,1.443B,315.47M,112.00M,2.817B,75.30M,8.286B,27.47B,1.315B,2.514B,2.485B,19.18B,24.95B,16.70B,906.62M,1.285B,1.316B
