Ticker,Date,Accrued Comprehensive Inc,Cash and Short Term Investments,Cost of Goods Sold,Current Debt & Capital Lease Obligation,EPS Basic,EPS Diluted,Goodwill and Intangibles,Gross PP&E,Gross Profit,Income (Quarterly),Inventories,Net Income,Net Non-Operating Interest Income Expense,Net Operating Interest Income,Net PP&E,Non-Current Deferred Liabilities,Non-Current Portion of LTD and Capital Lease Obligation,Operating Income,Payables and Accrued Expenses,Pre-Tax Income,Provision for Income Taxes,Revenue,SG&A Expense,Shareholders Equity,Total Assets,Total Capital Stock,Total Current Assets,Total Current Liabilities,Total Liabilities,Total Long Term Assets,Total Long Term Liabilities,Total Operating Expenses,Total Payables,Total Receivables
XOM,2020-12,-16.70B,4.364B,62.33B,20.46B,-4.7,-4.7,0,505.32B,-16.59B,2020-12,18.85B,-20.07B,-313.00M,-313.00M,227.55B,18.16B,47.18B,-26.71B,35.90B,-26.61B,-6.01B,45.74B,2.736B,157.15B,332.75B,15.69B,44.89B,56.36B,168.62B,287.86B,112.26B,10.12B,35.90B,20.58B
XOM,2020-09,-20.19B,8.832B,36.04B,21.91B,-0.15,-0.15,0,486.70B,9.389B,2020-09,17.88B,-680.00M,-279.00M,-279.00M,250.50B,24.47B,46.89B,-595.00M,34.56B,-372.00M,337.00M,45.42B,2.444B,177.40B,358.04B,16.00B,48.69B,56.47B,173.43B,309.35B,116.96B,9.984B,34.56B,19.97B
XOM,2020-06,-21.62B,12.58B,25.88B,22.95B,-0.26,-0.26,0,477.19B,6.397B,2020-06,19.66B,-1.08B,-317.00M,-317.00M,250.52B,24.72B,46.56B,-1.38B,34.32B,-1.64B,-471.00M,32.28B,2.409B,180.18B,361.50B,15.81B,53.02B,57.27B,174.34B,308.48B,117.07B,7.777B,34.32B,19.04B
XOM,2020-03,-24.34B,11.41B,46.20B,27.76B,-0.14,-0.14,0,0,8.935B,2020-03,16.50B,-610.00M,-249.00M,-249.00M,248.41B,24.86B,31.86B,-764.00M,37.02B,-258.00M,512.00M,55.13B,2.579B,182.08B,355.80B,15.64B,50.25B,64.77B,167.06B,305.56B,102.29B,9.699B,37.02B,20.87B
XOM,2019-12,-19.49B,3.089B,49.18B,20.58B,1.33,1.33,0,0,13.85B,2019-12,18.53B,5.69B,-201.00M,-201.00M,253.02B,25.62B,26.34B,2.673B,43.41B,6.414B,684.00M,63.02B,3.048B,191.65B,362.60B,15.64B,50.05B,63.99B,163.66B,312.54B,99.67B,11.17B,43.41B,26.97B
XOM,2019-09,-19.28B,5.351B,49.01B,21.20B,0.75,0.75,0,0,14.41B,2019-09,17.59B,3.17B,-232.00M,-232.00M,250.51B,26.51B,25.95B,3.683B,43.00B,4.721B,1.474B,63.42B,2.753B,189.92B,359.36B,15.80B,50.01B,64.20B,162.25B,309.35B,98.06B,10.73B,43.00B,25.31B
XOM,2019-06,-18.20B,4.213B,53.10B,26.20B,0.73,0.73,0,0,14.40B,2019-06,18.84B,3.13B,-216.00M,-216.00M,250.85B,26.85B,19.00B,3.561B,44.09B,4.632B,1.241B,67.49B,2.827B,191.38B,360.73B,15.64B,51.74B,70.29B,162.26B,308.99B,91.98B,10.84B,44.09B,27.13B
XOM,2019-03,-18.78B,4.586B,48.34B,21.79B,0.55,0.55,0,0,13.30B,2019-03,18.33B,2.35B,-181.00M,-181.00M,248.56B,27.29B,19.03B,2.849B,44.84B,4.289B,1.883B,61.65B,2.77B,191.22B,356.19B,15.48B,51.58B,66.63B,158.17B,304.61B,91.54B,10.46B,44.84B,27.10B
XOM,2018-12,-19.56B,3.042B,51.98B,17.26B,1.41,1.41,0,0,16.27B,2018-12,18.96B,6.00B,-215.00M,-215.00M,247.10B,27.24B,20.54B,5.027B,39.88B,8.121B,1.915B,68.25B,2.848B,191.79B,346.20B,15.26B,47.97B,57.14B,147.67B,298.22B,90.53B,11.24B,39.88B,24.70B
XOM,2018-09,-18.37B,5.669B,55.53B,19.41B,1.46,1.46,0,0,18.66B,2018-09,18.76B,6.24B,-200.00M,-200.00M,249.15B,27.08B,20.62B,7.169B,45.88B,9.08B,2.634B,74.19B,2.892B,190.36B,354.63B,15.25B,53.98B,65.29B,157.80B,300.65B,92.51B,11.49B,45.88B,27.88B
XOM,2018-06,-18.61B,3.43B,54.83B,20.50B,0.92,0.92,0,477.18B,16.62B,2018-06,18.48B,3.95B,-147.00M,-147.00M,248.21B,26.78B,20.72B,4.922B,41.95B,6.512B,2.526B,71.46B,2.993B,187.22B,348.79B,15.09B,50.56B,62.45B,155.26B,298.24B,92.81B,11.70B,41.95B,26.99B
XOM,2018-03,-16.99B,4.125B,49.25B,19.84B,1.09,1.09,0,0,16.19B,2018-03,18.05B,4.65B,-204.00M,-204.00M,250.35B,26.76B,20.78B,5.006B,40.47B,7.24B,2.457B,65.44B,2.747B,188.20B,348.83B,14.89B,48.32B,60.31B,153.92B,300.51B,93.61B,11.18B,40.47B,24.69B
XOM,2017-12,-16.26B,3.177B,51.19B,17.93B,1.97,1.97,0,0,14.13B,2017-12,16.99B,8.38B,-186.00M,-186.00M,252.63B,26.89B,24.41B,2.478B,39.84B,3.017B,-5.392B,65.31B,2.956B,187.69B,348.69B,14.66B,47.13B,57.77B,154.19B,301.56B,96.42B,11.65B,39.84B,25.60B
XOM,2017-09,-16.65B,4.266B,44.26B,15.74B,0.93,0.93,0,0,15.09B,2017-09,16.74B,3.97B,-111.00M,-111.00M,255.56B,34.43B,24.87B,4.419B,38.04B,5.583B,1.498B,59.35B,2.632B,182.28B,349.43B,14.78B,45.75B,53.78B,160.23B,303.68B,106.45B,10.67B,38.04B,23.26B
XOM,2017-06,-18.90B,4.042B,42.91B,17.18B,0.78,0.78,0,0,13.12B,2017-06,15.30B,3.35B,-158.00M,-158.00M,252.99B,34.58B,24.75B,2.682B,33.76B,4.156B,892.00M,56.03B,2.556B,179.18B,343.01B,14.62B,42.18B,50.95B,157.17B,300.83B,106.22B,10.44B,33.76B,21.29B
XOM,2017-03,-20.68B,4.897B,42.44B,18.48B,0.95,0.95,0,0,14.03B,2017-03,14.87B,4.01B,-146.00M,-146.00M,253.15B,34.77B,25.12B,4.24B,34.89B,5.918B,1.828B,56.47B,2.505B,177.15B,344.21B,14.42B,43.13B,53.37B,160.44B,301.08B,107.06B,9.79B,34.89B,21.84B
XOM,2016-12,-22.24B,3.657B,27.83B,13.83B,0.41,0.41,0,0,12.56B,2016-12,15.08B,1.68B,-195.00M,-195.00M,244.22B,34.04B,28.93B,7.00M,33.81B,617.00M,-1.407B,40.40B,2.468B,167.32B,330.31B,12.16B,41.42B,47.64B,156.48B,288.90B,108.85B,12.56B,33.81B,21.39B
XOM,2016-09,-20.47B,5.093B,45.79B,17.24B,0.63,0.63,0,0,10.98B,2016-09,15.34B,2.65B,-106.00M,-106.00M,251.92B,34.86B,28.92B,1.422B,32.78B,3.226B,337.00M,56.77B,2.736B,170.60B,339.39B,12.23B,42.94B,50.02B,162.38B,296.44B,112.36B,9.559B,32.78B,20.39B
XOM,2016-06,-20.74B,4.358B,45.46B,14.97B,0.41,0.41,0,0,10.90B,2016-06,15.88B,1.70B,-75.00M,-75.00M,254.06B,36.01B,29.50B,1.137B,36.53B,2.396B,715.00M,56.36B,2.646B,170.59B,342.47B,12.02B,45.83B,51.50B,165.60B,296.64B,114.09B,9.761B,36.53B,21.83B
XOM,2016-03,-20.38B,4.846B,37.85B,13.54B,0.43,0.43,0,0,9.257B,2016-03,16.22B,1.81B,-77.00M,-77.00M,255.26B,36.29B,29.57B,205.00M,35.19B,1.73B,-51.00M,47.10B,2.593B,172.19B,342.79B,11.82B,44.25B,48.73B,164.29B,298.54B,115.56B,9.052B,35.19B,19.81B
XOM,2015-12,-23.51B,3.705B,24.17B,18.76B,0.67,0.67,0,447.34B,13.88B,2015-12,16.24B,2.78B,-60.00M,-60.00M,251.60B,36.82B,19.92B,572.00M,35.21B,2.628B,-202.00M,38.06B,2.99B,170.81B,336.76B,11.61B,42.62B,53.98B,159.95B,294.14B,105.97B,13.31B,35.21B,19.88B
XOM,2015-09,-24.34B,4.296B,51.24B,14.47B,1.01,1.01,0,446.79B,14.43B,2015-09,16.58B,4.24B,-78.00M,-78.00M,250.58B,38.21B,19.84B,4.162B,40.36B,5.749B,1.365B,65.68B,2.967B,170.72B,340.66B,11.44B,47.23B,54.83B,163.82B,293.43B,109.00B,10.27B,40.36B,22.16B
XOM,2015-06,-21.49B,4.343B,56.96B,14.41B,1,1,0,434.52B,14.40B,2015-06,16.66B,4.19B,-85.00M,-85.00M,253.65B,39.42B,19.43B,4.286B,43.96B,6.954B,2.692B,71.36B,2.831B,172.67B,348.26B,11.22B,51.65B,58.37B,169.26B,296.61B,110.89B,10.11B,43.96B,25.96B
XOM,2015-03,-22.60B,5.184B,51.26B,13.28B,1.17,1.17,0,0,13.50B,2015-03,16.10B,4.94B,-88.00M,-88.00M,249.50B,38.94B,19.49B,3.863B,42.66B,6.635B,1.56B,64.76B,2.713B,171.23B,342.96B,11.01B,50.66B,55.93B,165.52B,292.30B,109.58B,9.637B,42.66B,25.03B
XOM,2014-12,-18.96B,4.616B,67.16B,17.47B,1.56,1.56,0,0,16.70B,2014-12,16.68B,6.57B,-68.00M,-68.00M,252.67B,39.23B,11.65B,5.502B,47.16B,8.842B,2.06B,83.87B,3.128B,174.40B,349.49B,10.79B,52.91B,64.63B,168.43B,296.58B,103.80B,11.20B,47.16B,28.01B
XOM,2014-09,-12.20B,4.962B,81.90B,10.24B,1.89,1.89,0,0,21.31B,2014-09,17.76B,8.07B,-88.00M,-88.00M,251.41B,41.13B,11.59B,9.574B,55.74B,13.41B,5.064B,103.21B,3.169B,180.59B,352.76B,10.68B,58.60B,65.98B,165.27B,294.17B,99.28B,11.73B,55.74B,30.96B
XOM,2014-06,-9.311B,6.083B,84.84B,9.948B,2.05,2.05,0,0,20.88B,2014-06,18.18B,8.78B,-64.00M,-64.00M,251.35B,41.00B,11.82B,8.726B,59.58B,14.15B,5.034B,105.72B,3.169B,181.16B,358.59B,10.49B,64.01B,69.53B,170.46B,294.57B,100.93B,12.15B,59.58B,34.18B
XOM,2014-03,-11.04B,5.601B,79.56B,9.223B,2.1,2.1,0,0,21.75B,2014-03,18.57B,9.10B,-66.00M,-66.00M,245.90B,40.78B,12.14B,10.28B,60.88B,15.23B,5.857B,101.31B,3.132B,176.40B,353.03B,10.28B,61.86B,70.11B,170.14B,291.17B,100.03B,11.47B,60.88B,32.48B
XOM,2013-12,-10.72B,4.644B,83.78B,15.81B,1.91,1.91,0,0,22.24B,2013-12,16.14B,8.35B,152.00M,152.00M,243.65B,40.53B,6.891B,9.722B,55.92B,14.72B,6.073B,106.02B,3.341B,174.00B,346.81B,10.08B,59.31B,71.72B,166.31B,287.50B,94.59B,12.52B,55.92B,33.15B
XOM,2013-09,-13.05B,5.31B,85.97B,13.89B,1.79,1.79,0,0,22.42B,2013-09,16.87B,7.87B,-52.00M,-52.00M,240.98B,39.51B,7.404B,10.26B,58.86B,14.19B,6.12B,108.39B,3.15B,169.24B,347.56B,10.06B,61.30B,72.75B,172.09B,286.26B,99.34B,12.16B,58.86B,33.23B
XOM,2013-06,-14.38B,4.609B,81.91B,11.86B,1.55,1.55,0,409.31B,21.14B,2013-06,17.20B,6.86B,-85.00M,-85.00M,235.24B,38.95B,7.496B,9.237B,60.83B,12.77B,5.793B,103.05B,3.268B,165.65B,341.62B,9.882B,62.84B,72.69B,170.03B,278.77B,97.34B,11.90B,60.83B,35.34B
XOM,2013-03,-12.77B,6.214B,80.79B,5.937B,2.12,2.12,0,394.00B,22.59B,2013-03,16.23B,9.50B,-24.00M,-24.00M,233.73B,38.71B,7.475B,11.08B,64.15B,16.04B,6.277B,103.38B,3.118B,167.00B,339.64B,9.665B,62.59B,70.08B,166.56B,277.04B,96.48B,11.51B,64.15B,34.29B
XOM,2012-12,-12.18B,9.582B,84.94B,3.653B,2.2,2.2,0,0,24.22B,2012-12,14.54B,9.95B,-111.00M,-111.00M,226.95B,37.57B,7.928B,12.27B,60.49B,17.70B,7.398B,109.16B,3.322B,165.86B,333.80B,9.653B,64.46B,64.14B,162.14B,269.34B,98.00B,11.94B,60.49B,34.99B
XOM,2012-09,-9.113B,13.06B,85.92B,3.496B,2.09,2.09,0,0,25.07B,2012-09,16.58B,9.57B,-59.00M,-59.00M,220.33B,37.64B,8.928B,13.23B,66.56B,17.32B,7.394B,110.99B,3.468B,166.71B,335.19B,0,72.14B,70.06B,162.84B,263.05B,92.78B,11.84B,66.56B,36.64B
XOM,2012-06,-10.66B,17.80B,88.06B,6.704B,3.41,3.41,0,0,24.69B,2012-06,15.16B,15.91B,-50.00M,-50.00M,214.94B,36.85B,8.877B,11.62B,63.43B,26.19B,8.537B,112.74B,3.486B,162.81B,329.64B,0,72.80B,70.14B,161.66B,256.85B,91.52B,13.06B,63.43B,33.74B
XOM,2012-03,-7.998B,18.67B,92.01B,6.419B,2,2,0,0,27.18B,2012-03,14.75B,9.45B,-107.00M,-107.00M,214.60B,36.29B,9.231B,12.76B,73.58B,17.52B,7.716B,119.19B,3.601B,157.01B,345.15B,0,76.16B,79.99B,181.04B,268.99B,101.04B,14.42B,73.58B,35.84B
XOM,2011-12,-9.123B,12.66B,101.60B,7.711B,1.97,1.97,0,0,12.07B,2011-12,15.02B,9.40B,-75.00M,-75.00M,214.66B,36.62B,9.322B,9.178B,69.79B,17.04B,7.317B,113.67B,3.911B,154.40B,331.05B,9.512B,72.96B,77.50B,170.31B,258.09B,92.80B,2.892B,69.79B,38.64B
XOM,2011-09,-5.328B,11.02B,87.97B,7.431B,2.13,2.13,0,0,33.44B,2011-09,16.73B,10.33B,-98.00M,-98.00M,209.19B,36.89B,9.331B,14.86B,67.54B,18.68B,8.009B,121.42B,3.764B,155.94B,323.23B,0,69.38B,74.97B,161.02B,253.85B,86.04B,18.58B,67.54B,34.37B
XOM,2011-06,-2.799B,10.04B,79.77B,4.365B,2.19,2.18,0,0,42.00B,2011-06,19.05B,10.68B,-45.00M,-45.00M,209.81B,37.19B,12.12B,23.56B,70.17B,18.62B,7.721B,121.77B,3.681B,155.55B,326.20B,0,72.30B,74.53B,164.37B,253.90B,89.84B,18.44B,70.17B,35.33B
XOM,2011-03,-3.656B,12.83B,77.93B,3.56B,2.14,2.14,0,0,32.24B,2011-03,16.26B,10.65B,-29.00M,-29.00M,203.73B,36.12B,12.32B,15.12B,70.02B,18.92B,8.004B,110.18B,3.627B,151.48B,319.53B,0,72.02B,73.58B,162.00B,247.51B,88.43B,17.12B,70.02B,35.15B
