Ticker,Date,Accrued Comprehensive Inc,Cash and Short Term Investments,Cost of Goods Sold,Current Debt & Capital Lease Obligation,EPS Basic,EPS Diluted,Goodwill and Intangibles,Gross PP&E,Gross Profit,Income (Quarterly),Inventories,Net Income,Net Non-Operating Interest Income Expense,Net Operating Interest Income,Net PP&E,Non-Current Deferred Liabilities,Non-Current Portion of LTD and Capital Lease Obligation,Operating Income,Payables and Accrued Expenses,Pre-Tax Income,Provision for Income Taxes,Revenue,SG&A Expense,Shareholders Equity,Total Assets,Total Capital Stock,Total Current Assets,Total Current Liabilities,Total Liabilities,Total Long Term Assets,Total Long Term Liabilities,Total Operating Expenses,Total Payables,Total Receivables
YUM,2020-12,-411.00M,730.00M,925.00M,550.00M,1.1,1.08,940.00M,3.316B,818.00M,2020-12,0,332.00M,-132.00M,-132.00M,2.086B,0,10.27B,478.00M,480.00M,352.00M,20.00M,1.743B,340.00M,-7.891B,5.852B,0,1.689B,1.675B,13.74B,4.163B,12.07B,340.00M,284.00M,569.00M
YUM,2020-09,-452.00M,1.11B,725.00M,444.00M,0.94,0.92,929.00M,3.251B,723.00M,2020-09,0,283.00M,-161.00M,-161.00M,2.05B,0,10.65B,466.00M,1.109B,316.00M,33.00M,1.448B,257.00M,-7.919B,6.061B,23.00M,2.03B,1.553B,13.98B,4.031B,12.43B,257.00M,1.109B,522.00M
YUM,2020-06,-488.00M,1.243B,649.00M,434.00M,0.68,0.67,946.00M,3.226B,549.00M,2020-06,0,206.00M,-132.00M,-132.00M,2.059B,0,11.25B,290.00M,1.041B,257.00M,51.00M,1.198B,259.00M,-8.108B,6.421B,11.00M,2.398B,1.475B,14.53B,4.023B,13.05B,259.00M,1.041B,530.00M
YUM,2020-03,-549.00M,1.154B,666.00M,447.00M,0.28,0.27,943.00M,3.139B,597.00M,2020-03,0,83.00M,-118.00M,-118.00M,2.025B,0,11.06B,389.00M,1.053B,95.00M,12.00M,1.263B,208.00M,-8.229B,6.085B,15.00M,1.991B,1.50B,14.31B,4.094B,12.81B,208.00M,1.053B,511.00M
YUM,2019-12,-388.00M,605.00M,868.00M,498.00M,1.61,1.58,774.00M,2.948B,826.00M,2019-12,0,488.00M,-132.00M,-132.00M,1.812B,0,10.13B,526.00M,471.00M,397.00M,-91.00M,1.694B,300.00M,-8.016B,5.231B,0,1.527B,1.541B,13.25B,3.704B,11.71B,300.00M,375.00M,623.00M
YUM,2019-09,-428.00M,691.00M,660.00M,84.00M,0.83,0.81,764.00M,2.279B,679.00M,2019-09,0,255.00M,-120.00M,-120.00M,1.151B,0,10.49B,471.00M,903.00M,300.00M,45.00M,1.339B,208.00M,-8.097B,5.003B,0,1.548B,987.00M,13.10B,3.455B,12.11B,208.00M,903.00M,527.00M
YUM,2019-06,-380.00M,252.00M,639.00M,325.00M,0.94,0.92,769.00M,2.328B,671.00M,2019-06,0,289.00M,-119.00M,-119.00M,1.193B,0,9.869B,473.00M,861.00M,377.00M,88.00M,1.31B,198.00M,-7.994B,4.674B,0,1.122B,1.186B,12.67B,3.552B,11.48B,198.00M,861.00M,535.00M
YUM,2019-03,-324.00M,278.00M,616.00M,338.00M,0.85,0.83,772.00M,2.338B,638.00M,2019-03,0,262.00M,-115.00M,-115.00M,1.212B,0,9.736B,427.00M,989.00M,299.00M,37.00M,1.254B,211.00M,-7.904B,4.744B,0,1.186B,1.327B,12.65B,3.558B,11.32B,211.00M,989.00M,543.00M
YUM,2018-12,-334.00M,292.00M,811.00M,321.00M,1.07,1.04,767.00M,2.353B,747.00M,2018-12,0,334.00M,-122.00M,-122.00M,1.237B,0,9.751B,483.00M,427.00M,439.00M,105.00M,1.558B,264.00M,-7.926B,4.13B,0,1.207B,1.301B,12.06B,2.923B,10.76B,264.00M,319.00M,597.00M
YUM,2018-09,-317.00M,198.00M,727.00M,295.00M,1.43,1.4,573.00M,2.669B,664.00M,2018-09,0,454.00M,-111.00M,-111.00M,1.378B,0,9.405B,460.00M,899.00M,534.00M,80.00M,1.391B,204.00M,-7.458B,4.155B,0,1.169B,1.194B,11.61B,2.986B,10.42B,204.00M,899.00M,528.00M
YUM,2018-06,-282.00M,313.00M,735.00M,54.00M,0.99,0.97,592.00M,2.951B,633.00M,2018-06,15.00M,321.00M,-112.00M,-112.00M,1.533B,0,9.612B,425.00M,870.00M,357.00M,36.00M,1.368B,208.00M,-7.247B,4.326B,0,1.203B,924.00M,11.57B,3.123B,10.65B,208.00M,870.00M,527.00M
YUM,2018-03,-215.00M,982.00M,757.00M,61.00M,1.3,1.27,619.00M,3.118B,614.00M,2018-03,31.00M,433.00M,-107.00M,-107.00M,1.651B,0,9.419B,395.00M,1.048B,509.00M,76.00M,1.371B,219.00M,-6.754B,4.836B,0,1.889B,1.109B,11.59B,2.947B,10.48B,219.00M,1.048B,501.00M
YUM,2017-12,-271.00M,1.522B,807.00M,375.00M,1.29,1.26,726.00M,2.936B,770.00M,2017-12,34.00M,436.00M,-120.00M,-120.00M,1.594B,0,9.429B,470.00M,341.00M,1.092B,656.00M,1.577B,300.00M,-6.334B,5.311B,0,2.507B,1.512B,11.64B,2.804B,10.13B,300.00M,332.00M,575.00M
YUM,2017-09,-304.00M,980.00M,778.00M,372.00M,1.21,1.18,641.00M,3.622B,658.00M,2017-09,37.00M,418.00M,-110.00M,-110.00M,1.861B,0,9.479B,443.00M,850.00M,524.00M,106.00M,1.436B,215.00M,-6.121B,5.454B,0,1.999B,1.403B,11.58B,3.455B,10.17B,215.00M,850.00M,358.00M
YUM,2017-06,-392.00M,970.00M,802.00M,375.00M,0.59,0.58,687.00M,4.011B,646.00M,2017-06,255.00M,206.00M,-105.00M,-105.00M,2.021B,0,9.474B,399.00M,942.00M,311.00M,105.00M,1.448B,247.00M,-6.102B,5.596B,0,1.785B,1.478B,11.70B,3.811B,10.22B,247.00M,942.00M,356.00M
YUM,2017-03,-379.00M,525.00M,804.00M,393.00M,0.78,0.77,689.00M,4.092B,613.00M,2017-03,255.00M,280.00M,-110.00M,-110.00M,2.084B,0,8.715B,376.00M,1.017B,347.00M,67.00M,1.417B,237.00M,-5.812B,5.151B,0,1.277B,1.558B,10.96B,3.874B,9.405B,237.00M,1.017B,355.00M
YUM,2016-12,-458.00M,725.00M,1.07B,66.00M,0.83,0.82,687.00M,4.108B,816.00M,2016-12,210.00M,303.00M,-116.00M,-116.00M,2.113B,0,9.059B,454.00M,389.00M,372.00M,64.00M,1.886B,362.00M,-5.615B,5.453B,0,1.505B,1.306B,11.07B,3.948B,9.762B,362.00M,350.00M,414.00M
YUM,2016-09,-324.00M,2.885B,871.00M,48.00M,1.65,1.62,893.00M,7.708B,647.00M,2016-09,0,640.00M,-98.00M,-98.00M,4.01B,0,9.119B,377.00M,2.115B,301.00M,83.00M,1.518B,270.00M,-1.896B,10.43B,0,4.003B,2.299B,12.26B,6.429B,9.963B,270.00M,2.115B,440.00M
YUM,2016-06,-266.00M,795.00M,893.00M,39.00M,0.82,0.81,913.00M,7.795B,616.00M,2016-06,0,336.00M,-51.00M,-51.00M,4.096B,0,5.324B,362.00M,2.138B,364.00M,98.00M,1.509B,254.00M,-389.00M,8.184B,2.00M,1.879B,2.279B,8.515B,6.305B,6.236B,254.00M,2.138B,395.00M
YUM,2016-03,-300.00M,934.00M,856.00M,2.321B,0.88,0.87,909.00M,7.793B,587.00M,2016-03,0,364.00M,-42.00M,-42.00M,4.111B,0,2.51B,344.00M,2.205B,308.00M,82.00M,1.443B,243.00M,156.00M,8.221B,0,1.963B,4.648B,8.011B,6.258B,3.363B,243.00M,2.205B,418.00M
YUM,2015-12,-239.00M,313.00M,-2.753B,921.00M,0.64,0.63,735.00M,4.395B,17.00M,2015-12,40.00M,265.00M,-42.00M,-42.00M,2.347B,0,3.007B,-65.00M,553.00M,-128.00M,-31.00M,-2.736B,82.00M,911.00M,8.061B,0,1.687B,3.087B,7.092B,6.374B,4.005B,82.00M,507.00M,363.00M
YUM,2015-09,-262.00M,861.00M,2.494B,566.00M,0.97,0.95,961.00M,7.96B,933.00M,2015-09,230.00M,421.00M,-32.00M,-32.00M,4.263B,0,2.651B,605.00M,1.964B,571.00M,145.00M,3.427B,328.00M,1.825B,8.306B,8.00M,1.919B,2.642B,6.421B,6.387B,3.779B,328.00M,1.964B,355.00M
YUM,2015-06,-157.00M,636.00M,2.295B,568.00M,0.54,0.53,978.00M,8.076B,810.00M,2015-06,279.00M,235.00M,-33.00M,-33.00M,4.372B,0,2.831B,457.00M,2.037B,338.00M,102.00M,3.105B,353.00M,1.569B,8.294B,0,1.729B,2.689B,6.669B,6.565B,3.98B,353.00M,2.037B,350.00M
YUM,2015-03,-271.00M,675.00M,1.831B,266.00M,0.83,0.81,983.00M,8.001B,791.00M,2015-03,276.00M,362.00M,-34.00M,-34.00M,4.374B,0,3.121B,496.00M,1.921B,472.00M,111.00M,2.622B,295.00M,1.707B,8.305B,0,1.783B,2.29B,6.542B,6.522B,4.252B,295.00M,1.921B,373.00M
YUM,2014-12,-190.00M,578.00M,-2.723B,267.00M,-0.2,-0.2,1.018B,8.082B,28.00M,2014-12,301.00M,-86.00M,-53.00M,-53.00M,4.498B,0,3.077B,-54.00M,1.299B,-136.00M,-2.00M,-2.695B,82.00M,1.547B,8.334B,0,1.553B,2.409B,6.73B,6.781B,4.321B,82.00M,1.049B,380.00M
YUM,2014-09,36.00M,1.011B,2.504B,72.00M,0.91,0.89,1.508B,8.10B,850.00M,2014-09,266.00M,404.00M,-28.00M,-28.00M,4.48B,0,3.315B,527.00M,1.967B,522.00M,119.00M,3.354B,323.00M,2.505B,9.177B,7.00M,2.07B,2.112B,6.609B,7.107B,4.497B,323.00M,1.967B,373.00M
YUM,2014-06,6.00M,831.00M,2.364B,70.00M,0.75,0.73,1.49B,7.979B,840.00M,2014-06,282.00M,334.00M,-29.00M,-29.00M,4.425B,0,3.095B,488.00M,2.026B,450.00M,112.00M,3.204B,352.00M,2.264B,8.81B,0,1.882B,2.153B,6.484B,6.928B,4.331B,352.00M,2.026B,352.00M
YUM,2014-03,27.00M,734.00M,1.884B,70.00M,0.89,0.87,1.514B,7.85B,840.00M,2014-03,258.00M,399.00M,-33.00M,-33.00M,4.378B,0,2.949B,569.00M,1.982B,538.00M,139.00M,2.724B,271.00M,2.275B,8.705B,0,1.809B,2.15B,6.37B,6.896B,4.22B,271.00M,1.982B,354.00M
YUM,2013-12,64.00M,573.00M,3.131B,71.00M,0.71,0.7,1.527B,7.85B,1.048B,2013-12,294.00M,321.00M,-153.00M,-153.00M,4.459B,0,2.918B,569.00M,1.353B,418.00M,103.00M,4.179B,479.00M,2.166B,8.695B,0,1.691B,2.265B,6.466B,7.004B,4.201B,479.00M,1.118B,408.00M
YUM,2013-09,-132.00M,753.00M,2.534B,15.00M,0.34,0.33,1.526B,7.549B,932.00M,2013-09,300.00M,152.00M,-31.00M,-31.00M,4.257B,0,2.917B,605.00M,1.894B,319.00M,182.00M,3.466B,327.00M,2.194B,8.73B,0,1.83B,1.989B,6.47B,6.90B,4.481B,327.00M,1.894B,348.00M
YUM,2013-06,-101.00M,500.00M,2.198B,68.00M,0.62,0.61,1.827B,7.477B,706.00M,2013-06,319.00M,281.00M,-32.00M,-32.00M,4.252B,0,2.918B,373.00M,1.841B,358.00M,82.00M,2.904B,333.00M,2.223B,8.764B,0,1.605B,1.99B,6.479B,7.159B,4.489B,333.00M,1.841B,352.00M
YUM,2013-03,-120.00M,762.00M,1.796B,21.00M,0.74,0.72,1.719B,7.428B,739.00M,2013-03,288.00M,337.00M,-31.00M,-31.00M,4.258B,0,2.924B,466.00M,1.948B,456.00M,120.00M,2.535B,273.00M,2.293B,8.945B,0,1.898B,2.089B,6.587B,7.047B,4.498B,273.00M,1.948B,368.00M
YUM,2012-12,-132.00M,776.00M,3.115B,10.00M,0.74,0.72,1.724B,7.389B,1.038B,2012-12,313.00M,337.00M,-42.00M,-42.00M,4.25B,0,2.932B,478.00M,1.299B,463.00M,127.00M,4.153B,560.00M,2.154B,9.013B,0,1.925B,2.279B,6.76B,7.088B,4.481B,560.00M,1.035B,356.00M
YUM,2012-09,-253.00M,942.00M,2.575B,18.00M,1.02,1,1.719B,7.338B,994.00M,2012-09,291.00M,471.00M,-32.00M,-32.00M,4.119B,0,3.003B,662.00M,1.926B,639.00M,161.00M,3.569B,332.00M,2.197B,8.974B,0,2.079B,2.057B,6.68B,6.895B,4.623B,332.00M,1.926B,302.00M
YUM,2012-06,-243.00M,984.00M,2.365B,316.00M,0.71,0.69,1.743B,7.358B,803.00M,2012-06,305.00M,331.00M,-38.00M,-38.00M,4.102B,0,2.995B,457.00M,1.893B,435.00M,102.00M,3.168B,346.00M,2.135B,9.177B,0,2.231B,2.313B,6.95B,6.946B,4.637B,346.00M,1.893B,323.00M
YUM,2012-03,-225.00M,1.099B,1.93B,319.00M,0.99,0.96,1.773B,7.274B,813.00M,2012-03,291.00M,458.00M,-37.00M,-37.00M,4.041B,0,3.006B,541.00M,1.933B,608.00M,147.00M,2.743B,272.00M,2.142B,9.343B,0,2.425B,2.391B,7.064B,6.918B,4.673B,272.00M,1.933B,341.00M
YUM,2011-12,-247.00M,1.198B,3.085B,320.00M,0.76,0.75,980.00M,7.267B,1.026B,2011-12,273.00M,356.00M,-46.00M,-46.00M,4.042B,0,2.997B,527.00M,1.326B,461.00M,104.00M,4.111B,499.00M,1.823B,8.834B,18.00M,2.321B,2.45B,6.918B,6.513B,4.468B,499.00M,1.097B,436.00M
YUM,2011-09,-89.00M,1.236B,2.401B,287.00M,0.82,0.8,958.00M,7.255B,873.00M,2011-09,186.00M,383.00M,-32.00M,-32.00M,3.872B,0,2.94B,563.00M,1.874B,456.00M,67.00M,3.274B,310.00M,1.993B,8.549B,0,2.351B,2.267B,6.466B,6.198B,4.199B,310.00M,1.874B,281.00M
YUM,2011-06,-102.00M,955.00M,2.078B,19.00M,0.67,0.65,1.079B,7.315B,738.00M,2011-06,173.00M,316.00M,-35.00M,-35.00M,3.907B,0,3.269B,430.00M,1.57B,384.00M,62.00M,2.816B,308.00M,1.805B,8.207B,0,1.841B,1.711B,6.319B,6.366B,4.608B,308.00M,1.57B,295.00M
YUM,2011-03,-177.00M,1.529B,1.721B,787.00M,0.56,0.54,1.077B,7.223B,704.00M,2011-03,156.00M,264.00M,-43.00M,-43.00M,3.852B,0,2.918B,449.00M,1.501B,358.00M,91.00M,2.425B,255.00M,1.783B,8.426B,0,2.436B,2.288B,6.567B,5.99B,4.279B,255.00M,1.501B,311.00M
