Ticker,Date,Accrued Comprehensive Inc,Cash and Short Term Investments,Cost of Goods Sold,Current Debt & Capital Lease Obligation,EPS Basic,EPS Diluted,Goodwill and Intangibles,Gross PP&E,Gross Profit,Income (Quarterly),Inventories,Net Income,Net Non-Operating Interest Income Expense,Net Operating Interest Income,Net PP&E,Non-Current Deferred Liabilities,Non-Current Portion of LTD and Capital Lease Obligation,Operating Income,Payables and Accrued Expenses,Pre-Tax Income,Provision for Income Taxes,Research and Development Expense,Revenue,SG&A Expense,Shareholders Equity,Total Assets,Total Capital Stock,Total Current Assets,Total Current Liabilities,Total Liabilities,Total Long Term Assets,Total Long Term Liabilities,Total Operating Expenses,Total Payables,Total Receivables
ZTS,2020-12,-730.00M,3.602B,601.00M,604.00M,0.75,0.75,4.404B,4.346B,1.206B,2020-12,1.628B,359.00M,-55.00M,-55.00M,2.394B,378.00M,6.758B,513.00M,1.178B,420.00M,62.00M,133.00M,1.807B,520.00M,3.769B,13.61B,5.00M,6.611B,2.17B,9.836B,6.998B,7.666B,693.00M,622.00M,1.013B
ZTS,2020-09,-735.00M,3.654B,546.00M,1.101B,1.01,1,4.484B,4.187B,1.24B,2020-09,1.626B,479.00M,-61.00M,-61.00M,2.293B,410.00M,6.762B,664.00M,1.018B,597.00M,118.00M,112.00M,1.786B,424.00M,3.602B,13.72B,5.00M,6.757B,2.40B,10.12B,6.968B,7.718B,576.00M,502.00M,1.012B
ZTS,2020-06,-856.00M,3.353B,451.00M,501.00M,0.79,0.79,4.412B,4.01B,1.097B,2020-06,1.584B,377.00M,-56.00M,-56.00M,2.192B,395.00M,7.349B,553.00M,1.075B,482.00M,106.00M,111.00M,1.548B,393.00M,2.982B,13.07B,5.00M,6.285B,1.811B,10.08B,6.784B,8.271B,544.00M,600.00M,984.00M
ZTS,2020-03,-781.00M,1.951B,459.00M,500.00M,0.89,0.88,4.404B,3.928B,1.075B,2020-03,1.481B,423.00M,-47.00M,-47.00M,2.159B,421.00M,6.122B,539.00M,959.00M,497.00M,74.00M,107.00M,1.534B,389.00M,2.753B,11.53B,5.00M,4.772B,1.721B,8.775B,6.756B,7.054B,536.00M,483.00M,965.00M
ZTS,2019-12,-726.00M,1.932B,530.00M,500.00M,0.81,0.8,4.482B,3.866B,1.144B,2019-12,1.41B,384.00M,-48.00M,-48.00M,2.129B,434.00M,6.111B,500.00M,975.00M,437.00M,53.00M,132.00M,1.674B,472.00M,2.708B,11.54B,5.00M,4.748B,1.806B,8.837B,6.797B,7.031B,644.00M,432.00M,1.086B
ZTS,2019-09,-699.00M,1.823B,479.00M,9.00M,0.91,0.9,4.485B,3.731B,1.105B,2019-09,1.439B,433.00M,-46.00M,-46.00M,2.006B,473.00M,6.616B,564.00M,787.00M,528.00M,95.00M,112.00M,1.584B,391.00M,2.678B,11.27B,5.00M,4.618B,1.052B,8.594B,6.654B,7.542B,541.00M,336.00M,1.03B
ZTS,2019-06,-669.00M,1.776B,465.00M,0,0.77,0.77,4.421B,3.619B,1.082B,2019-06,1.404B,371.00M,-46.00M,-46.00M,1.934B,446.00M,6.615B,526.00M,842.00M,455.00M,84.00M,111.00M,1.547B,406.00M,2.411B,10.99B,5.00M,4.484B,1.075B,8.575B,6.502B,7.50B,556.00M,399.00M,994.00M
ZTS,2019-03,-598.00M,1.793B,518.00M,0,0.65,0.65,4.511B,3.483B,937.00M,2019-03,1.361B,312.00M,-46.00M,-46.00M,1.841B,464.00M,6.578B,428.00M,827.00M,381.00M,69.00M,102.00M,1.455B,369.00M,2.317B,10.88B,5.00M,4.379B,1.082B,8.566B,6.504B,7.484B,509.00M,379.00M,970.00M
ZTS,2018-12,-629.00M,1.696B,544.00M,0,0.72,0.71,4.565B,3.257B,1.02B,2018-12,1.391B,345.00M,-48.00M,-48.00M,1.658B,474.00M,6.443B,436.00M,914.00M,418.00M,73.00M,125.00M,1.564B,420.00M,2.185B,10.78B,5.00M,4.399B,1.223B,8.592B,6.378B,7.369B,584.00M,427.00M,1.036B
ZTS,2018-09,-619.00M,1.391B,473.00M,0,0.72,0.71,4.657B,3.115B,1.007B,2018-09,1.441B,347.00M,-48.00M,-48.00M,1.556B,446.00M,6.441B,500.00M,738.00M,418.00M,71.00M,108.00M,1.48B,367.00M,2.118B,10.46B,5.00M,4.076B,1.003B,8.341B,6.383B,7.338B,507.00M,313.00M,929.00M
ZTS,2018-06,-543.00M,1.558B,447.00M,750.00M,0.79,0.79,2.739B,2.992B,968.00M,2018-06,1.42B,384.00M,-38.00M,-38.00M,1.47B,229.00M,4.955B,484.00M,778.00M,437.00M,55.00M,102.00M,1.415B,359.00M,1.97B,8.603B,5.00M,4.239B,967.00M,6.621B,4.364B,5.654B,484.00M,344.00M,973.00M
ZTS,2018-03,-429.00M,1.654B,447.00M,850.00M,0.72,0.72,2.812B,2.972B,919.00M,2018-03,1.441B,352.00M,-41.00M,-41.00M,1.453B,246.00M,4.954B,461.00M,789.00M,417.00M,67.00M,97.00M,1.366B,338.00M,1.96B,8.69B,5.00M,4.267B,1.00B,6.715B,4.423B,5.715B,458.00M,370.00M,943.00M
ZTS,2017-12,-505.00M,1.564B,457.00M,750.00M,0.17,0.16,2.779B,2.906B,1.003B,2017-12,1.427B,81.00M,-45.00M,-45.00M,1.435B,380.00M,4.953B,509.00M,814.00M,430.00M,350.00M,110.00M,1.46B,361.00M,1.77B,8.586B,5.00M,4.217B,1.094B,6.80B,4.369B,5.706B,494.00M,382.00M,998.00M
ZTS,2017-09,-455.00M,1.981B,435.00M,4.00M,0.61,0.61,2.848B,2.835B,912.00M,2017-09,1.49B,298.00M,-40.00M,-40.00M,1.388B,269.00M,4.952B,465.00M,754.00M,413.00M,117.00M,96.00M,1.347B,328.00M,1.989B,9.288B,5.00M,4.894B,1.746B,7.269B,4.394B,5.523B,447.00M,341.00M,1.009B
ZTS,2017-06,-542.00M,705.00M,440.00M,4.00M,0.5,0.5,2.705B,2.752B,829.00M,2017-06,1.498B,247.00M,-41.00M,-41.00M,1.355B,261.00M,3.719B,384.00M,739.00M,345.00M,98.00M,86.00M,1.269B,336.00M,1.715B,7.802B,5.00M,3.584B,1.784B,6.056B,4.218B,4.272B,445.00M,333.00M,975.00M
ZTS,2017-03,-552.00M,629.00M,443.00M,0,0.48,0.48,2.729B,2.803B,788.00M,2017-03,1.535B,238.00M,-41.00M,-41.00M,1.368B,272.00M,3.718B,367.00M,766.00M,337.00M,98.00M,90.00M,1.231B,309.00M,1.609B,7.649B,5.00M,3.383B,1.73B,6.014B,4.266B,4.284B,421.00M,383.00M,954.00M
ZTS,2016-12,-598.00M,727.00M,468.00M,0,0.31,0.31,2.709B,2.739B,809.00M,2016-12,1.502B,154.00M,-33.00M,-33.00M,1.381B,244.00M,4.468B,319.00M,852.00M,231.00M,77.00M,108.00M,1.277B,361.00M,1.487B,7.649B,5.00M,3.39B,1.117B,6.15B,4.259B,5.033B,490.00M,388.00M,913.00M
ZTS,2016-09,-506.00M,651.00M,410.00M,0,0.48,0.48,2.779B,2.723B,831.00M,2016-09,1.563B,239.00M,-41.00M,-41.00M,1.382B,266.00M,4.467B,375.00M,793.00M,333.00M,96.00M,90.00M,1.241B,345.00M,1.585B,7.715B,5.00M,3.364B,1.039B,6.117B,4.351B,5.078B,456.00M,336.00M,915.00M
ZTS,2016-06,-554.00M,658.00M,399.00M,0,0.45,0.45,2.692B,2.638B,809.00M,2016-06,1.525B,224.00M,-41.00M,-41.00M,1.341B,292.00M,4.465B,356.00M,834.00M,332.00M,108.00M,88.00M,1.208B,343.00M,1.357B,7.518B,5.00M,3.328B,1.039B,6.147B,4.19B,5.108B,453.00M,322.00M,888.00M
ZTS,2016-03,-618.00M,675.00M,389.00M,0,0.41,0.41,2.669B,2.565B,773.00M,2016-03,1.461B,204.00M,-43.00M,-43.00M,1.317B,270.00M,4.464B,347.00M,929.00M,332.00M,128.00M,90.00M,1.162B,315.00M,1.165B,7.453B,5.00M,3.307B,1.163B,6.266B,4.146B,5.103B,426.00M,377.00M,908.00M
ZTS,2015-12,-622.00M,1.154B,496.00M,405.00M,0.04,0.04,2.645B,2.515B,778.00M,2015-12,1.467B,22.00M,-38.00M,-38.00M,1.307B,264.00M,4.463B,228.00M,1.079B,69.00M,49.00M,109.00M,1.274B,425.00M,1.068B,7.913B,5.00M,3.83B,1.781B,6.822B,4.083B,5.041B,550.00M,403.00M,937.00M
ZTS,2015-09,-562.00M,592.00M,421.00M,408.00M,0.38,0.38,1.842B,2.494B,793.00M,2015-09,1.403B,189.00M,-29.00M,-29.00M,1.293B,227.00M,3.226B,313.00M,996.00M,273.00M,83.00M,91.00M,1.214B,374.00M,1.229B,6.686B,5.00M,3.45B,1.658B,5.432B,3.236B,3.774B,480.00M,397.00M,1.038B
ZTS,2015-06,-504.00M,544.00M,427.00M,404.00M,-0.07,-0.07,1.864B,2.474B,748.00M,2015-06,1.417B,-37.00M,-29.00M,-29.00M,1.295B,234.00M,3.243B,270.00M,964.00M,-27.00M,9.00M,84.00M,1.175B,379.00M,1.176B,6.598B,5.00M,3.316B,1.572B,5.396B,3.282B,3.824B,478.00M,337.00M,993.00M
ZTS,2015-03,-479.00M,559.00M,394.00M,402.00M,0.33,0.33,1.904B,2.456B,708.00M,2015-03,1.346B,165.00M,-28.00M,-28.00M,1.301B,256.00M,3.243B,259.00M,765.00M,230.00M,65.00M,80.00M,1.102B,354.00M,1.278B,6.43B,5.00M,3.11B,1.37B,5.125B,3.32B,3.755B,449.00M,339.00M,905.00M
ZTS,2014-12,-361.00M,882.00M,491.00M,7.00M,0.25,0.25,1.703B,2.463B,829.00M,2014-12,1.289B,126.00M,-30.00M,-30.00M,1.318B,277.00M,3.624B,194.00M,833.00M,155.00M,29.00M,124.00M,1.32B,497.00M,1.311B,6.588B,5.00M,3.465B,1.086B,5.251B,3.123B,4.165B,635.00M,358.00M,980.00M
ZTS,2014-09,-240.00M,598.00M,434.00M,10.00M,0.33,0.33,1.739B,2.456B,776.00M,2014-09,1.388B,166.00M,-29.00M,-29.00M,1.313B,265.00M,3.642B,273.00M,345.00M,238.00M,71.00M,93.00M,1.21B,394.00M,1.364B,6.527B,5.00M,3.353B,998.00M,5.138B,3.174B,4.14B,503.00M,345.00M,1.057B
ZTS,2014-06,-199.00M,578.00M,413.00M,12.00M,0.27,0.27,1.758B,2.423B,745.00M,2014-06,1.336B,136.00M,-29.00M,-29.00M,1.309B,314.00M,3.642B,242.00M,434.00M,200.00M,61.00M,92.00M,1.158B,396.00M,1.26B,6.522B,5.00M,3.327B,1.061B,5.239B,3.195B,4.178B,503.00M,434.00M,1.098B
ZTS,2014-03,-229.00M,506.00M,379.00M,16.00M,0.31,0.31,1.769B,2.358B,718.00M,2014-03,1.316B,155.00M,-29.00M,-29.00M,1.292B,319.00M,3.642B,260.00M,483.00M,227.00M,72.00M,87.00M,1.097B,356.00M,1.077B,6.403B,5.00M,3.222B,1.127B,5.304B,3.181B,4.177B,458.00M,483.00M,1.10B
ZTS,2013-12,-219.00M,610.00M,466.00M,15.00M,0.21,0.21,1.785B,2.323B,788.00M,2013-12,1.293B,105.00M,-30.00M,-30.00M,1.295B,322.00M,3.642B,194.00M,1.152B,126.00M,22.00M,121.00M,1.254B,458.00M,940.00M,6.558B,5.00M,3.357B,1.415B,5.596B,3.201B,4.181B,594.00M,582.00M,1.138B
ZTS,2013-09,-245.00M,389.00M,385.00M,10.00M,0.26,0.26,1.795B,2.248B,718.00M,2013-09,1.29B,131.00M,-29.00M,-29.00M,1.252B,269.00M,3.642B,211.00M,636.00M,185.00M,54.00M,93.00M,1.103B,399.00M,843.00M,6.259B,5.00M,3.083B,1.308B,5.393B,3.176B,4.085B,507.00M,636.00M,1.11B
ZTS,2013-06,-183.00M,369.00M,416.00M,12.00M,0.26,0.26,1.816B,2.226B,698.00M,2013-06,1.257B,128.00M,-32.00M,-32.00M,1.252B,308.00M,3.64B,189.00M,703.00M,187.00M,59.00M,95.00M,1.114B,399.00M,800.00M,6.261B,5.00M,3.082B,1.321B,5.438B,3.179B,4.117B,509.00M,703.00M,1.137B
ZTS,2013-03,-121.00M,468.00M,402.00M,6.00M,0.28,0.28,1.84B,2.166B,688.00M,2013-03,1.12B,140.00M,-22.00M,-22.00M,1.237B,337.00M,3.64B,226.00M,740.00M,192.00M,52.00M,90.00M,1.09B,357.00M,709.00M,6.142B,5.00M,2.942B,1.287B,5.418B,3.20B,4.131B,462.00M,740.00M,1.083B
ZTS,2012-12,-157.00M,317.00M,433.00M,73.00M,-0.02,-0.02,1.853B,2.252B,743.00M,2012-12,1.345B,-10.00M,-8.00M,-8.00M,1.241B,323.00M,509.00M,153.00M,349.00M,74.00M,84.00M,121.00M,1.176B,453.00M,4.026B,6.262B,0,2.864B,1.123B,2.221B,3.398B,1.098B,590.00M,349.00M,900.00M
ZTS,2012-09,-169.00M,133.00M,359.00M,0,0.324,0.324,1.858B,2.149B,660.00M,2012-09,1.272B,162.00M,-7.00M,-7.00M,1.204B,299.00M,580.00M,215.00M,237.00M,213.00M,52.00M,94.00M,1.019B,335.00M,4.094B,5.904B,0,2.555B,737.00M,1.795B,3.349B,1.058B,445.00M,237.00M,848.00M
ZTS,2012-06,-193.00M,106.00M,378.00M,0,0.346,0.346,1.868B,0,716.00M,2012-06,1.172B,173.00M,-8.00M,-8.00M,1.199B,323.00M,573.00M,264.00M,357.00M,252.00M,79.00M,92.00M,1.094B,344.00M,3.915B,5.80B,0,2.477B,741.00M,1.869B,3.323B,1.128B,452.00M,254.00M,889.00M
ZTS,2012-03,-31.00M,113.00M,393.00M,0,0.222,0.222,1.905B,0,654.00M,2012-03,1.23B,111.00M,-8.00M,-8.00M,1.242B,322.00M,579.00M,198.00M,352.00M,171.00M,59.00M,102.00M,1.047B,338.00M,3.934B,5.906B,0,2.526B,805.00M,1.956B,3.38B,1.151B,456.00M,212.00M,848.00M
ZTS,2011-12,-65.00M,79.00M,419.00M,0,0.018,0.018,1.917B,0,708.00M,2011-12,1.063B,9.00M,-9.00M,-9.00M,1.243B,311.00M,575.00M,144.00M,232.00M,30.00M,20.00M,119.00M,1.127B,427.00M,3.72B,5.711B,0,2.311B,843.00M,1.975B,3.40B,1.132B,564.00M,232.00M,871.00M
ZTS,2011-09,0,0,398.00M,0,0.188,0.188,0,0,651.00M,2011-09,0,94.00M,-9.00M,-9.00M,0,0,0,201.00M,0,148.00M,53.00M,102.00M,1.049B,331.00M,0,0,0,0,0,0,0,0,450.00M,0,0
ZTS,2011-06,0,0,454.00M,0,0.132,0.132,0,0,620.00M,2011-06,0,66.00M,-9.00M,-9.00M,0,0,0,137.00M,0,104.00M,38.00M,105.00M,1.074B,360.00M,0,0,0,0,0,0,0,0,483.00M,0,0
ZTS,2011-03,0,0,381.00M,0,0.152,0.152,0,0,602.00M,2011-03,0,76.00M,-9.00M,-9.00M,0,0,0,150.00M,0,112.00M,35.00M,101.00M,983.00M,335.00M,0,0,0,0,0,0,0,0,452.00M,0,0
